2148 3434
828 135 1120 177 -17—

120 266 224 296 cum
255 265 375 294 anno
407 251 494 294 258
528 251 735 307 Cyrenas
768 252 1068 307 versaremus)
1099 252 1253 309 ibique
1278 253 1508 296 frueretur
1529 269 1681 297 amore
1704 255 1827 311 Apa-

118 337 220 367 mae
266 326 413 366 morte
459 322 623 378 Magae
671 323 900 378 viduatae,
949 325 1169 367 Berenice
1217 325 1526 379 interfecerat,
1575 325 1827 368 Ptolemaei

118 393 364 450 Euergetis
396 407 576 450 sponsa.
641 394 903 448 Causarum,
938 395 1103 451 quibus
1126 396 1291 438 nititur
1313 396 1607 450 Studniczka,
1641 397 1828 438 infirmi-

118 469 264 508 tatem
310 464 548 507 verbosius
600 465 829 508 illustrare
871 466 1109 518 Vahleni’)
1158 468 1302 509 acutis
1350 467 1828 524 argumentationibus

119 536 480 593 supersedemus,
514 550 662 591 neque
695 536 882 578 difficile
915 542 984 579 est
1013 538 1271 593 perspicere
1295 552 1428 593 quam
1453 538 1642 580 infirmis
1666 538 1828 580 funda-

119 607 288 651 mentis
336 606 452 649 istae
499 612 877 662 superstruantur
923 613 1084 650 turres.
1148 608 1212 651 Ut
1246 609 1365 650 enim
1414 609 1621 650 omittam
1656 609 1829 665 optime

119 678 170 722 in
215 692 264 721 se
309 677 551 720 cohaerere
598 677 739 720 verba
786 678 1066 733 Callimachi,
1113 679 1203 721 ista
1250 694 1348 721 eam
1396 679 1454 722 ob
1487 694 1581 721 rem
1614 693 1830 736 perversa

119 749 306 793 videtur
337 763 434 791 esse
466 749 599 804 ratio,
633 749 739 804 quia
772 750 1009 792 exordium
1041 751 1180 792 sumit
1203 764 1229 791 a
1250 751 1523 792 coniecturis
1547 750 1829 792 extrinsecus

121 820 426 878 depromptis;
477 834 589 876 quas
622 820 920 874 coniecturas,
970 835 1085 876 quae
1129 836 1211 877 per
1258 836 1305 863 se
1354 828 1510 863 carent
1558 820 1830 864 certioribus

121 891 420 948 argumentis,
454 906 557 933 cum
588 891 821 933 inculcant
854 898 1017 948 poetae
1040 892 1206 946 verbis,
1240 907 1332 934 non
1366 893 1511 935 solum
1544 898 1706 948 poetae
1730 906 1831 934 sen·

120 962 292 1006 tentias
336 962 447 1004 satis
496 962 778 1005 intellexisse
827 963 1090 1019 opinantur,
1139 964 1216 1005 sed
1266 964 1403 1005 etiam
1452 963 1567 1005 bene
1600 963 1831 1004 divinasse

121 1048 308 1077 arcanas
356 1033 575 1089 quasdam
612 1038 775 1089 poetae
814 1034 1034 1088 rationes,
1083 1049 1194 1090 quas
1236 1035 1413 1076 cautius
1461 1035 1536 1076 ille
1577 1034 1830 1076 occultarit.

123 1104 295 1148 Contra
327 1103 384 1146 ab
415 1104 562 1160 ipsius
594 1109 758 1160 poetae
791 1104 944 1146 verbis
978 1105 1162 1147 videtur
1200 1120 1297 1147 esse
1330 1105 1602 1161 capiendum
1635 1105 1831 1158 initium,

123 1175 288 1233 quibus
322 1190 426 1218 eum
457 1190 550 1217 non
581 1175 648 1217 ita
680 1176 922 1232 opinamur
954 1176 1098 1229 abuti,
1131 1181 1196 1228 ut,
1245 1191 1359 1231 quae
1393 1176 1576 1230 sentiat,
1626 1175 1830 1231 obtegat.

121 1247 282 1304 Neque
314 1247 437 1290 aliud
471 1248 714 1304 quicquam
761 1249 873 1291 dicit
914 1249 1002 1290 nisi
1035 1249 1155 1304 quod
1189 1249 1236 1290 in
1271 1248 1430 1290 Africa
1462 1249 1517 1290 ad
1550 1248 1833 1303 Myrtussam

121 1319 403 1376 pugnaverit
451 1319 644 1375 Cyrena.
715 1319 870 1361 Unum
915 1319 1110 1362 fortasse
1159 1319 1460 1362 concedamus
1509 1318 1831 1372 Studniczkae,

123 1389 358 1446 quosdam,
392 1391 470 1446 qui
502 1395 666 1446 poetae
698 1390 842 1446 ipsius
876 1390 1160 1446 temporibus
1198 1390 1452 1432 accuratius
1485 1390 1703 1445 legebant
1736 1390 1833 1431 eius

267 1559 294 1604 ¹)
332 1559 426 1594 Post
444 1558 589 1606 Magae
607 1562 773 1594 mortem
792 1560 842 1602 (a.
861 1559 948 1594 258:
973 1559 1023 1593 cf.
1042 1558 1083 1593 B.
1103 1558 1220 1593 Niese
1238 1557 1380 1594 Gesch.
1400 1558 1436 1592 d.
1455 1558 1604 1603 gricch.
1624 1568 1662 1593 u.
1682 1557 1834 1593 maced.

123 1617 287 1655 Staaten
313 1618 350 1653 II
369 1618 439 1653 142
457 1620 528 1663 sq.)
563 1628 785 1663 necemque
817 1617 1008 1652 Demetrii
1040 1617 1199 1652 Pulchri
1233 1616 1386 1661 (eodem
1420 1619 1539 1658 anno)
1573 1616 1836 1658 Ptolomaeus,

124 1678 193 1723 qui
225 1677 370 1724 Mag-ae
400 1677 513 1712 iussu
551 1687 737 1723 sponsam
776 1676 951 1712 habebat
987 1676 1239 1720 Berenicam,
1277 1675 1565 1721 Cyrenensium
1603 1676 1836 1721 designatus

124 1739 211 1772 erat
235 1747 320 1781 rex,
347 1737 415 1782 qui
440 1737 692 1772 matrimonio
718 1737 823 1771 facto
850 1739 1089 1781 accepturus
1116 1739 1201 1771 erat
1227 1736 1338 1771 urbis
1363 1736 1584 1780 imperium.
1635 1734 1750 1776 Quod
1768 1735 1836 1769 im-

124 1797 280 1842 perium
305 1797 507 1831 nescimus
533 1796 680 1841 quibus
707 1796 838 1831 causis
865 1795 1032 1830 dilatum
1059 1796 1108 1830 sit
1133 1804 1263 1840 usque
1289 1795 1340 1829 ad
1367 1805 1516 1829 annum
1534 1793 1614 1835 247,
1634 1803 1713 1838 quo
1732 1803 1837 1828 anno

124 1855 338 1902 Euergetis
374 1859 489 1901 patre
527 1854 787 1900 Philadelpho
826 1858 981 1890 mortuo
1020 1865 1136 1898 ‚novo
1171 1858 1314 1889 auctus
1341 1854 1575 1898 hymenaco‘
1614 1863 1724 1887 arma
1749 1852 1839 1887 tulit

125 1919 264 1951 contra
287 1914 499 1951 Seleucum
526 1914 563 1949 II
597 1914 776 1958 (Vahlen,
802 1913 1076 1960 Sitzungsber.
1096 1914 1133 1948 d.
1152 1913 1252 1948 Berl.
1273 1913 1403 1948 Akad.
1424 1913 1526 1954 1888,
1559 1923 1595 1957 p.
1618 1912 1708 1946 13⁸0
1726 1912 1837 1956 sqq.).

125 1973 208 2010 Iam
241 1974 402 2010 exstant
427 1975 468 2008 in
495 1974 620 2009 altero
647 1973 878 2009 Callimachi
906 1973 1052 2018 hymno
1078 1972 1320 2018 gravissima
1347 1971 1546 2017 quaedam
1571 1971 1708 2011 verba,
1733 1980 1838 2015 quae

126 2033 346 2070 Gerckium
373 2033 528 2077 (Rhein.
547 2032 646 2067 Mus.
666 2033 768 2076 1889,
787 2032 871 2076 253)
899 2032 1144 2077 deceperunt
1162 2041 1411 2076 magnosque
1429 2033 1641 2065 moverunt
1659 2029 1838 2064 Vahleno

127 2093 337 2139 scrupulos
362 2091 653 2138 (Sitzungsber.
672 2091 708 2126 d.
727 2091 830 2127 Berl.
849 2091 980 2126 Akad.
1002 2091 1103 2133 1896,
1130 2101 1166 2136 p.
1185 2090 1287 2133 3152:

522 2154 582 2186 καὶ
607 2152 723 2198 ὤμοσε
752 2156 861 2198 τείχεα
887 2148 1013 2185 δώσειν
1039 2150 1216 2196 ἡμετέροις
1240 2150 1439 2194 βασιλεῖ-σιν

127 2210 188 2256 (67
206 2212 291 2256 sq.),
323 2220 428 2255 quae
459 2220 523 2245 me
555 2209 717 2255 quidem
750 2209 882 2244 iudice
915 2208 967 2243 ad
999 2209 1175 2254 priorum
1207 2206 1454 2252 Cyrenarum
1488 2216 1630 2252 regum
1662 2211 1840 2251 tempora

129 2270 288 2306 omnino
315 2270 457 2305 referri
476 2279 555 2304 non
575 2272 753 2314 possunt,
771 2267 878 2313 quod
898 2267 1014 2302 docet
1031 2276 1222 2301 numerus
1242 2265 1409 2312 pluralis
1428 2268 1605 2312 ἡμετέροις
1622 2268 1841 2310 percontarer.-

127 2339 222 2365 nam
247 2329 373 2374 primo
399 2331 556 2363 tantum
583 2329 671 2373 regi
698 2327 863 2362 donavit
889 2328 1000 2361 urbis
1032 2335 1167 2360 muros
1202 2325 1352 2370 Apollo.
1403 2324 1542 2369 ltaque
1568 2324 1759 2359 videntur
1783 2333 1841 2358 re-

129 2387 298 2424 ferenda
328 2397 416 2423 esse
447 2387 516 2422 illa
547 2387 674 2422 verba
706 2386 756 2421 ad
782 2387 914 2432 ipsius
946 2388 1088 2430 poetae
1120 2389 1304 2427 aetatem,
1331 2385 1412 2429 qui,
1450 2385 1535 2429 ipse
1568 2382 1841 2418 Alexandriae

129 2446 328 2491 habitans,
353 2450 458 2482 tecte
483 2449 618 2481 monet
643 2445 693 2481 de
712 2446 1004 2490 Aegyptiorum
1030 2444 1195 2489 regibus
1221 2448 1305 2478 tum
1332 2443 1519 2488 temporis
1548 2451 1717 2487 regnum
1745 2441 1842 2476 obti-

129 2505 319 2542 nentibus
345 2507 540 2551 (,unserer
559 2505 792 2550 Dynastie‘).
844 2504 955 2545 Quae
981 2504 1013 2538 si
1040 2513 1139 2538 vera
1165 2506 1268 2545 sunt,
1296 2501 1524 2537 Callimachi
1544 2500 1734 2545 hymnum
1754 2503 1842 2544 post

131 2575 282 2601 annum
313 2564 384 2601 258
414 2568 554 2600 natum
589 2574 676 2599 esse
709 2563 851 2605 elucet,
890 2567 982 2598 ante
1014 2566 1147 2597 tamen
1178 2561 1259 2604 247,
1292 2562 1387 2606 quia
1421 2561 1599 2595 futurum
1634 2558 1760 2594 δώσειν
1792 2558 1842 2593 de

131 2626 296 2670 accepto
333 2624 413 2659 iam
450 2623 618 2669 imperio
657 2622 765 2658 nullo
798 2621 914 2656 modo
946 2624 1075 2667 potest
1097 2620 1295 2670 intellegi.
1347 2619 1476 2654 Etiam
1503 2618 1843 2659 Wilamowitzius‚

131 2686 369 2730 praeceptor
393 2692 518 2726 meus,
550 2682 728 2718 breviter
753 2684 918 2716 annotat
942 2679 1085 2715 Nachr.
1105 2679 1140 2714 d.
1161 2678 1337 2724 Gotting.
1356 2677 1448 2714 Ges.
1468 2677 1571 2720 1893,
1590 2677 1657 2712 744
1673 2687 1729 2722 sq.
1755 2686 1843 2711 sese

131 2742 241 2778 hunc
265 2742 458 2788 hymnum
484 2742 589 2777 inter
614 2751 740 2776 annos
765 2740 832 2775 257
861 2744 901 2775 et
925 2738 995 2774 250
1021 2738 1281 2783 compositum
1308 2747 1395 2772 esse
1414 2736 1604 2771 iudicare.
1656 2735 1699 2770 In
1727 2735 1843 2770 tertio

132 2800 281 2847 hymno
307 2800 387 2837 tale
412 2800 511 2846 quid
536 2800 726 2846 temporis
752 2799 942 2834 indicium
970 2797 1140 2832 inveniri
1167 2806 1282 2841 posse
1301 2806 1380 2830 non
1399 2795 1571 2830 videtur.
1621 2794 1844 2839 Simplicior

132 2862 268 2895 tamen
294 2859 414 2894 huius
439 2859 577 2905 hymni
610 2859 750 2902 forma,
783 2859 852 2903 qui
884 2859 923 2892 in
956 2855 1182 2892 asserendis
1220 2855 1429 2890 conficitur
1467 2854 1622 2889 Dianae
1662 2853 1764 2895 fatis,
1802 2853 1843 2887 in

135 2918 402 2963 antiquiorem
428 2927 594 2964 poeseos
620 2917 912 2954 Callimacheae
939 2915 1210 2951 condicionem
1238 2923 1309 2949 nos
1336 2913 1495 2948 videtur
1521 2922 1723 2948 revocare.

277 2976 305 3021 ²)
344 2975 617 3023 Sitzungsber.
636 2977 672 3012 d.
692 2977 793 3012 Berl.
812 2975 940 3011 Akad.
963 2974 1064 3016 1896,
1081 2974 1147 3008 821
1169 2983 1253 3018 sqq.

209 3049 248 3074 M.
1514 3030 1536 3065 ‘2
