2148 3434
0 878 8 911 ε

0 915 9 961 l

0 989 10 1007 h

0 1011 9 1081 ἰ

0 1105 9 1157 ἶ

844 154 1136 196 —21-

137 286 189 315 ac
240 274 474 327 tamquam
526 275 782 312 recreantes
835 271 1037 327 ipsorum
1091 272 1419 327 Cyrenensium
1474 274 1527 314 ‹l··
1583 275 1850 330 λεονιοιιόνῳ

136 341 331 386 fabulas.
378 341 492 383 Inde
525 347 623 382 tum
657 342 810 397 copias
842 342 1085 384 educamus
1109 347 1266 384 contra
1293 344 1502 397 Ιιίνροένας7
1537 359 1646 399 quas
1670 346 1840 397 ‹lis-unt,

136 412 458 469 homonymas3
514 412 679 454 deinde
727 413 861 468 signa
908 417 1149 454 vertantur
1197 413 1241 454 in
1291 429 1502 469 magnam
1554 427 1841 472 ven-ronique

138 483 417 528 Graecorum
449 483 593 537 deam,
641 497 777 539 quam
810 498 865 524 ex
899 498 980 525 suo
1013 484 1155 539 ipsius
1190 484 1376 539 ingenio
1409 492 1515 525 ante
1549 489 1841 540 quattuordn-

137 555 226 599 cim
257 545 341 598 hos
373 568 531 608 annos,
565 554 755 596 alteram
787 555 1058 607 Minervam,
1095 556 1350 610 procreavit
1385 556 1677 598 Studniczkn.

279 626 484 668 Primum
525 625 617 678 illa,
667 640 782 680 quae
821 626 1071 667 enucleatis
1111 626 1376 668 Callimachi
1418 628 1567 668 verbis
1611 629 1843 681 exivimus,

137 712 385 755 augeamus
433 711 554 739 novo
601 696 758 739 addito
810 697 1089 740 testimonio.
1170 698 1236 739 De
1285 699 1440 740 eadem
1489 699 1607 740 enim
1664 699 1843 740 fabulae

137 768 299 823 forma,
348 783 484 824 quam
529 783 552 810 e
590 768 906 811 remotissimis
946 768 1071 811 urbis
1110 769 1394 825 temporibus
1436 771 1762 825 (fyrvnensiuni
1798 771 1842 811 in

137 840 301 883 animis
352 839 553 882 haesisse
600 840 1028 894 demonstravimus,
1083 841 1338 882 accuratius
1387 841 1664 882 Callimffl-Iw
1708 849 1844 897 atque

138 911 368 968 copiosius
417 911 576 953 edocet
623 910 901 965 Acesander,
951 911 1028 966 qui
1073 911 1198 953 urbis
1238 927 1307 953 res
1347 912 1521 967 aliquot
1558 913 1612 953 ‹le
1652 913 1844 968 Cyrenis

135 982 266 1026 libris
299 982 560 1038 descripsit:

270 1051 556 1107 Ἀκέσανδρος
586 1051 684 1106 (de)
726 1054 773 1095 ἐν
810 1062 895 1102 τοῖς
936 1056 1039 1107 Περὶ
1077 1053 1265 1109 Κυρήνης
1302 1054 1457 1108 ἱστορεῖ
1491 1055 1556 1096 ἐπ’
1596 1053 1845 1107 Εὐρυπύλου

135 1123 436 1180 βασιλεύοντος
480 1123 668 1180 Κυρήνης
700 1123 756 1173 ὠς
799 1122 880 1167 ὑπὸ
922 1122 1198 1174 ’Λπόλλωνος
1245 1125 1542 1181 διακομισθείη
1592 1125 1615 1180 ἦ
1663 1124 1842 1180 Κυρήνη,

135 1198 307 1246 λέοντος
344 1195 392 1238 δὲ
429 1199 503 1251 τὴν
539 1194 685 1250 χώραν
723 1197 1036 1250 λυμαινομένου
1076 1200 1260 1251 προθείη
1294 1198 1366 1251 τὴν
1397 1198 1619 1250 βασιλείαν
1649 1195 1671 1237 ὁ
1708 1193 1843 1250 Εὐρύ-

136 1269 270 1316 πυλος
291 1265 437 1310 ἆθλον
458 1269 514 1324 τῷ
543 1265 842 1309 ἀποκτενοῦντι
871 1267 941 1309 τὸν
970 1267 1134 1310 λέοντα·
1175 1266 1250 1322 τὴν
1277 1268 1322 1309 δὲ
1353 1268 1672 1323 διαχρήσασθαι
1701 1266 1844 1317 αὐτόν,

137 1339 298 1388 παῖδας
336 1339 384 1381 δὲ
415 1335 542 1394 αὐτῆς
581 1338 690 1389 (non
731 1338 860 1380 addit
899 1354 923 1380 e
962 1340 1069 1394 quo!
1120 1338 1176 1380 cf.
1211 1338 1350 1387 infra)
1383 1342 1589 1390 γενέσθαι
1622 1337 1845 1392 Λῦτοῑχον

136 1413 209 1454 καὶ
250 1408 498 1464 Ἀρισταῖον
544 1410 715 1460 (Schol.
764 1410 916 1466 Apoll.
972 1410 1060 1452 Rh.
1111 1410 1157 1451 ΙΙ
1211 1410 1329 1459 498).
1410 1410 1535 1452 Idem
1585 1410 1848 1452 Acesander

138 1483 276 1526 etiam
308 1496 502 1538 regnum
535 1481 763 1537 accepisse
795 1481 1024 1537 virginem
1047 1481 1283 1523 victricem
1311 1482 1534 1523 narravit:
1564 1478 1845 1534 ’.ίκὲσανδρος

136 1555 184 1598 ἐν
215 1552 368 1610 πρώτῳ
400 1556 510 1607 Περὶ
544 1553 732 1608 Κυρήνης
763 1555 850 1607 μετ’
890 1550 1021 1595 αὐτὸν
1062 1554 1138 1594 (sc.
1178 1567 1333 1608 regem
1372 1553 1678 1608 Eurypylum)
1723 1557 1842 1605 βασι-

137 1627 283 1670 λεῦσαί
314 1638 441 1680 φησιν
473 1623 636 1679 Λιβύης
671 1622 862 1679 Κυρήνην
894 1623 964 1679 τὴν
989 1622 1173 1678 ιΥψέως.

281 1696 372 1739 Hic
415 1696 565 1750 testis,
614 1695 785 1752 quippe
833 1695 910 1751 qui
948 1696 1080 1751 plura
1117 1694 1275 1736 afferat
1313 1694 1602 1747 Callimacho,
1643 1694 1846 1736 hausisse

139 1783 196 1811 ex
227 1767 307 1810 illo
340 1782 435 1810 non
466 1771 636 1824 potest,
682 1767 946 1823 gratiasque
987 1767 1027 1808 ei
1061 1766 1251 1822 agimus,
1301 1766 1420 1821 quod
1455 1766 1549 1807 eius
1583 1766 1845 1808 testimonio

138 1839 228 1882 nisi
266 1839 432 1882 clarius
470 1838 787 1895 perspicimus,
837 1838 946 1893 quid
990 1837 1137 1879 velint
1176 1837 1441 1879 Callimachi
1482 1836 1645 1878 verba:
1694 1838 1845 1879 λέοντα

138 1912 255 1966 βοῶν
286 1914 396 1953 σι’νιν
428 1908 713 1964 Εὐρυπύλοιο.
780 1909 1072 1965 Eurypylum
1111 1909 1232 1950 enim
1270 1907 1412 1950 refert
1448 1922 1640 1963 regnum
1680 1908 1846 1963 promi-

140 1982 252 2025 sisse
300 1982 361 2036 ei,
412 1981 490 2037 qui
536 1981 716 2023 leonem
763 1985 992 2032 necasset;
1048 1986 1185 2035 atque
1231 1979 1438 2021 extitisse
1482 1986 1694 2020 monente
1739 1993 1847 2035 rege

138 2053 342 2111 puellam
375 2052 617 2109 Cyrenam,
657 2066 773 2108 quae
805 2051 940 2093 huius
980 2051 1183 2107 portenti
1217 2051 1311 2092 vim
1359 2050 1541 2092 fortiter
1585 2050 1843 2092 sustineret.

139 2125 211 2168 Re
242 2128 429 2182 peracta
460 2124 573 2166 duos
613 2137 711 2164 eam
748 2122 980 2179 peperisse
1014 2122 1145 2176 filios,
1180 2120 1444 2163 Autuchum
1477 2127 1523 2163 et
1570 2121 1844 2163 Aristaeum.

139 2197 212 2240 Ex
245 2211 349 2253 quo,
394 2195 682 2251 quaerimus?
728 2193 912 2236 Scilicet
950 2193 1213 2235 Aristaeum
1253 2207 1306 2234 ex
1346 2192 1580 2248 Apolline:
1629 2192 1765 2234 haece
1798 2206 1846 2234 re

139 2281 250 2311 vera
271 2271 480 2324 spectare
503 2266 559 2308 ad
582 2264 834 2322 nympham
852 2264 1116 2307 Thessalam
1139 2278 1276 2320 supra
1298 2263 1576 2319 collegimus.
1610 2263 1845 2317 Attamen,

142 2338 221 2396 qui
252 2338 379 2395 prior
409 2342 614 2391 vocatur,
647 2335 904 2390 Autuchus,
938 2335 1039 2391 quis
1072 2336 1170 2377 est?
1215 2334 1270 2376 In
1303 2334 1428 2376 Eoea
1460 2334 1565 2375 huic
1596 2334 1720 2376 locus
1753 2348 1844 2376 non

143 2413 214 2453 est
244 2424 394 2466 neque
426 2409 595 2466 Apollo
629 2423 726 2450 sese
758 2407 893 2449 huius
926 2411 1103 2462 patrem
1137 2421 1233 2448 esse
1266 2405 1501 2460 gloriatur.
1571 2405 1636 2447 At
1668 2404 1847 2461 patebit

142 2481 240 2524 eius
286 2481 438 2538 origo,
486 2481 525 2523 si
572 2479 1009 2523 consideraverimus
1047 2477 1207 2519 talium
1252 2476 1510 2518 fabularum
1555 2476 1657 2531 quis
1702 2476 1847 2518 soleat

143 2567 241 2596 esse
273 2552 391 2596 finis.
443 2551 662 2609 Nympha
694 2550 916 2593 succurrit
947 2549 1060 2605 regi,
1095 2553 1360 2605 pergratum
1393 2547 1434 2590 ei
1467 2547 1590 2589 facit.
1640 2548 1847 2598 Quonam

142 2628 243 2667 tum
258 2624 443 2667 vinculo
461 2622 826 2679 conjungentur?
850 2621 1108 2664 Praemium
1128 2619 1304 2662 victrici
1321 2618 1560 2675 praebebit
1577 2618 1664 2660 ille.
1699 2618 1844 2660 Certe.

142 2695 331 2739 Nihilne
347 2695 522 2739 maius?
555 2694 630 2738 Ad
646 2709 840 2750 regnum
863 2693 937 2735 via
960 2707 1049 2734 non
1069 2696 1138 2733 est
1156 2691 1240 2733 nisi
1260 2705 1341 2747 per
1359 2690 1539 2732 lectum.
1580 2689 1846 2731 Autuchum

144 2766 479 2810 conficiendum
523 2771 593 2809 est
631 2765 861 2822 Eurypyli
906 2770 952 2806 et
1000 2763 1204 2818 Cyranas
1250 2760 1453 2817 Libycae
1499 2760 1642 2803 fuisse
1688 2760 1844 2802 filium.

143 2838 417 2895 Antiquitus
448 2838 593 2895 igitur
624 2837 690 2880 ita
712 2836 980 2879 fabulantur
1002 2834 1307 2890 Cyrenenses:
1353 2831 1604 2888 „regnabat
1627 2831 1673 2873 in
1697 2830 1847 2886 Libya

143 2909 342 2952 vetustis
378 2909 664 2966 temporibus
702 2922 781 2950 rex
820 2906 1005 2963 quidam
1038 2904 1285 2960 (Eurypyli
1317 2917 1482 2945 nomen
1516 2900 1845 2959 posterioribus

145 2980 327 3023 demum
369 2980 654 3037 temporibus
693 2979 734 3021 ei
773 2993 869 3021 esse
907 2976 1169 3032 impositum
1210 2975 1254 3016 in
1294 2974 1437 3016 altero
1470 2973 1620 3029 capite
1662 2972 1847 3014 demon-
