2148 3434
267 255 442 298 Tamen
472 254 607 297 huius
639 257 925 298 monumenti
957 258 1049 299 vim
1083 258 1359 315 singularem
1395 262 1579 303 omnino
1615 277 1702 304 non
1728 277 1826 318 per-

124 326 277 384 spexit
307 326 381 369 vir
411 325 716 368 doctissimus.
779 327 898 369 Nam
931 343 1031 370 euni
1056 329 1295 385 Olympiae
1329 332 1528 373 omnium
1562 335 1824 388 conspectui

123 397 364 455 propalam
407 396 614 439 facerent
659 398 912 453 pugnantis
954 399 1185 455 nymphae
1218 400 1420 455 effigiem
1454 417 1559 443 suae
1594 403 1716 445 urbis
1750 419 1826 460 pa-

123 471 319 523 tronam,
366 482 450 524 per
486 482 534 510 se
580 467 868 524 intellegitur
906 470 1148 525 virginem,
1198 473 1269 513 cui
1310 472 1429 514 hunc
1462 473 1716 516 tribuerent
1752 475 1825 517 hc·-

123 552 295 594 norem,
328 538 385 581 de
415 538 561 595 ipsius
593 538 719 582 urbis
749 540 961 595 augenda
982 541 1127 595 gloria
1150 543 1378 597 quondam
1402 544 1573 599 optime
1597 546 1824 588 meruisse.

125 609 244 662 Quid
274 614 431 652 tamen
466 610 690 652 intererat
722 610 1054 666 Cyrenensium
1091 612 1216 654 urbis
1249 613 1538 670 gloriaequao‘e
1574 624 1719 657 terrae
1753 617 1827 658 Li-

122 680 282 738 bycae,
321 680 360 723 si
391 695 481 737 qua
512 681 560 723 in
597 686 773 723 remota
806 680 1044 724 Thessalia
1081 697 1176 724 rem
1210 683 1325 725 bene
1357 693 1561 740 gesserat
1594 688 1825 742 nympha?

122 751 343 796 Eiusdem
373 751 519 809 igitur
550 756 658 794 sunt
680 752 875 808 putandi
897 758 1084 794 catenae
1107 754 1237 809 quasi
1260 755 1383 796 anuli
1406 755 1491 798 hoc
1514 757 1826 800 testimonium

122 823 355 880 lapideum
402 827 448 865 et
494 822 607 865 illud
654 823 898 879 poeticum.
963 823 1283 880 Olympiacum
1331 826 1443 868 illud
1482 835 1826 870 monumentum

122 894 312 938 ineunte
359 894 664 951 compositum
711 908 810 937 esse
857 894 1036 937 saeculo
1085 900 1215 937 sexto
1263 902 1384 937 recte
1432 897 1649 939 iudicavit
1692 900 1828 941 stud-

122 965 323 1017 niczka¹)
371 969 510 1022 atque
557 970 753 1008 exeunte
800 965 980 1008 saeculo
1019 966 1216 1021 septimo
1255 967 1356 1022 ipsa
1388 968 1571 1009 condita
1605 976 1673 1010 est
1706 969 1826 1021 urbs,

123 1041 177 1080 ut
223 1036 554 1093 antiquissimis
600 1035 727 1079 urbis
774 1035 1060 1092 temporibus
1108 1042 1313 1079 exortam
1351 1038 1475 1080 illam
1509 1039 1828 1095 intellegamus

122 1107 328 1152 fabulam
360 1108 416 1151 de
447 1108 636 1150 numine
667 1107 907 1163 benevolo,
941 1108 1062 1164 quod
1094 1108 1142 1150 in
1175 1109 1390 1151 necandis
1414 1110 1635 1164 leonibus,
1669 1111 1829 1153 invisis

123 1179 215 1223 illis
246 1179 606 1236 periculosisque
638 1179 934 1234 advenarum,
967 1184 1020 1221 ut
1050 1179 1117 1221 ita
1149 1179 1310 1234 dicam,
1344 1180 1552 1222 finitimis
1586 1181 1661 1230 (cf.
1696 1183 1826 1224 Paus.

122 1251 172 1294 X
204 1251 274 1306 15,
310 1249 354 1304 7)
385 1249 756 1308 periclitantibus
789 1250 1006 1293 subvenit
1039 1250 1226 1293 colonis.

267 1321 631 1379 Contraponitur
676 1322 768 1364 iam
813 1322 920 1364 huic
967 1321 1151 1364 fabulae
1184 1321 1385 1378 Libycae
1433 1323 1635 1365 eiusdem
1669 1324 1828 1377 forma,

124 1407 262 1450 quam
292 1393 482 1437 exhibet
513 1394 639 1437 Eoea
674 1393 730 1436 de
762 1393 916 1450 puella
946 1393 995 1434 in
1029 1392 1267 1435 Thessalia
1297 1393 1565 1436 dimicante:
1607 1409 1829 1450 quaenam

122 1465 246 1508 inter
275 1469 518 1522 utramque
550 1465 754 1508 alternae
792 1469 978 1507 exstant
1009 1464 1240 1507 rationes?
1303 1465 1680 1519 Reminiscamur‚
1715 1481 1828 1522 quae

122 1550 207 1579 nos
239 1536 456 1580 docuerat
487 1536 625 1580 Eoea.
689 1535 997 1578 Versabamur
1033 1535 1126 1578 illic
1164 1536 1211 1577 in
1243 1535 1466 1592 religione
1497 1536 1568 1578 dei
1602 1537 1828 1592 Delphici,

123 1607 252 1651 ouius
283 1608 333 1651 in
363 1608 585 1651 honorem
615 1608 823 1664 theologi
856 1607 1092 1650 cuiusdam
1124 1612 1287 1664 poetae
1321 1607 1483 1649 studiis
1511 1609 1639 1663 quasi
1674 1609 1830 1650 immo-

121 1678 340 1723 labantur
370 1680 569 1723 minores
602 1679 788 1736 quidam
820 1679 907 1734 dei,
940 1683 992 1720 ut
1024 1683 1416 1734 superstrueretur
1444 1679 1645 1720 omnium
1668 1678 1830 1721 horum

124 1751 214 1794 aris
245 1751 429 1808 insigne
461 1756 600 1807 atque
631 1751 836 1807 amplum
857 1749 1080 1806 templum
1101 1749 1391 1806 Delphicum.
1447 1750 1594 1791 Huius
1618 1751 1828 1792 carminis

124 1837 261 1880 quam
292 1823 490 1865 maxime
522 1821 789 1865 interfuisse
821 1835 1077 1878 propagare
1101 1820 1334 1877 Apollinis
1367 1820 1578 1876 Delphici
1610 1820 1828 1862 honorem

123 1897 262 1951 atque
314 1894 507 1936 dilatare
560 1893 763 1936 eiusdem
814 1893 1102 1934 maiestatem
1155 1897 1512 1934 consentaneum
1565 1897 1646 1933 est.
1733 1892 1829 1933 Iam

124 1965 423 2009 occurrebant
455 1970 620 2021 poetae
650 1964 732 2018 illi,
780 1964 854 2006 dei
886 1962 1099 2019 Delphici
1131 1962 1388 2005 rationibus
1420 1962 1734 2018 prospicienti,
1782 1962 1829 2003 in

122 2035 301 2093 Libyae
333 2036 424 2079 oris
456 2036 523 2093 pii
555 2035 786 2092 Apollinis
821 2058 874 2063 —
909 2034 1073 2076 Carnei
1105 2034 1278 2076 tamen!
1316 2056 1369 2062 —-
1403 2033 1612 2086 cultores,
1654 2033 1829 2088 accepit

122 2108 246 2152 idem
292 2107 348 2150 de
380 2105 597 2162 qua'vqc’)
644 2106 806 2148 iisdem
852 2104 1114 2147 hominibus
1152 2104 1520 2158 celebratissima,
1569 2105 1664 2160 ipse
1698 2104 1830 2146 remi·

122 2179 388 2222 niscebatur
409 2178 654 2221 Thessalae
687 2177 920 2220 cuiusdem
953 2176 1131 2232 puellae
1167 2174 1403 2231 K1›Qq'vq;³)‚
1438 2190 1572 2230 quam
1605 2176 1829 2217 nescimus

124 2265 214 2308 quo
260 2250 460 2308 primum
507 2254 714 2305 tempore
753 2248 875 2290 inter
922 2262 1026 2289 suos
1065 2261 1240 2289 amores
1279 2246 1503 2302 receperit
1535 2246 1705 2302 Apollo
1738 2259 1829 2288 ma·

123 2326 332 2379 tremque
363 2320 526 2364 fecerit
547 2320 766 2363 Aristaei:
800 2324 937 2375 atque
970 2332 1145 2361 summa
1176 2317 1273 2374 egit
1305 2317 1507 2360 sollertia
1528 2323 1580 2359 ut
1602 2332 1684 2359 suo
1706 2317 1829 2359 illam

124 2393 366 2437 ascisceret
397 2392 682 2450 provinciam
713 2391 797 2433 deo
815 2389 1040 2446 Delphico
1073 2389 1330 2432 commixtis
1354 2388 1529 2431 duabus
1553 2388 1641 2430 illis
1665 2387 1828 2444 puellis

125 2468 264 2522 atque
294 2464 343 2507 in
374 2478 513 2506 unam
545 2461 944 2507 conferruminatis
976 2475 1232 2517 personam.
1280 2460 1405 2502 Duas
1437 2459 1527 2501 iam
1557 2473 1659 2501 cum
1681 2458 1830 2501 reddi-

124 2536 268 2580 disset
298 2551 450 2591 unam,
499 2535 618 2578 hanc
648 2548 787 2577 unam
819 2547 950 2575 suum
997 2531 1108 2574 fecit
1150 2531 1284 2573 deum
1317 2530 1591 2587 Delphicum
1624 2529 1828 2586 rapuisse

122 2607 232 2651 inde
263 2622 288 2650 e
320 2607 559 2651 Thessalia
594 2610 732 2662 atque
778 2605 868 2646 iam
898 2603 1044 2646 multo
1077 2607 1184 2645 ante
1216 2601 1548 2658 Cyrenensium
1579 2601 1827 2643 adventum

124 2678 174 2722 111
218 2678 310 2722 illis
357 2678 624 2736 deposuisse
669 2675 936 2733 regionibus
968 2673 1169 2729 Libycis.
1234 2673 1332 2715 Iam
1378 2673 1539 2715 melius
1586 2671 1830 2714 videbatur

268 2854 297 2900 ¹)
322 2853 420 2900 Kyr.
439 2864 476 2900 p.
493 2853 551 2890 39.

267 2912 296 2958 ²)
322 2912 373 2949 de
397 2913 517 2949 huius
542 2913 665 2949 rebus
691 2911 741 2946 cf.
759 2910 849 2946 infr.
868 2920 904 2955 p.
922 2909 965 2944 21
986 2917 1069 2952 sqq.

268 2972 298 3018 ³)
324 2971 374 3008 de
399 2972 563 3009 alterius
590 2972 640 3007 cs.
659 2981 694 3016 p.
713 2970 756 3006 31
776 2980 861 3015 sqq.

1498 3033 1547 3068 20
