2148 3434
985 132 1275 174 -32-

275 249 579 293 Callimachus
617 250 761 304 igitur
799 248 1034 305 profectus
1067 264 1092 290 a
1124 250 1302 306 patriae
1335 250 1539 306 Cyranas
1571 251 1770 295 nominis
1802 252 1982 309 syllaba

274 321 416 373 brevi,
466 320 521 361 ad
561 334 697 361 unam
736 320 1066 375 seiungendam
1104 319 1371 363 Thessalam
1408 321 1543 364 huius
1581 336 1748 365 nomen
1784 323 1927 380 longa
1956 339 1982 367 v

274 391 544 434 instruxisse
583 391 835 432 censendus
873 395 954 433 est.
1034 391 1198 447 Itaque
1247 392 1284 434 si
1328 392 1430 448 quis
1472 393 1782 450 etymologiae
1818 393 1982 438 studiis

275 477 458 519 operam
491 462 583 513 dat,
618 462 894 518 principium
918 462 1187 505 sumendum
1211 467 1280 506 est
1303 464 1359 505 ad
1383 464 1719 520 explanandam
1736 464 1983 509 Thessalae

275 533 471 576 nominis
505 533 826 575 auctoritatem
859 532 916 574 ab
950 533 1099 576 Eoeae
1132 534 1411 590 Pindarique
1450 535 1632 593 Κῦρήνῃ,
1675 535 1984 580 Studniczkae

275 611 426 646 autem
475 605 703 646 sententia
751 604 806 646 de
846 619 958 647 voce
1003 601 1143 659 κί’·ριος
1189 605 1276 648 hoc
1325 620 1490 648 nomen
1538 621 1636 649 esse
1683 607 1985 651 derivandum

276 676 400 717 nullo
434 676 567 717 modo
602 675 787 731 probari
820 681 987 731 potest.

418 747 568 788 Aliam
618 747 740 788 viam
786 747 1020 802 ingressus
1065 752 1135 789 est
1178 747 1444 790 Bechtelius
1459 748 1503 803 ¹),
1557 748 1636 804 qui
1686 753 1811 792 recte
1855 763 1984 793 orsus

277 833 302 860 a
335 818 463 859 brevi
496 834 520 859 v
553 818 671 859 idem
707 818 859 860 valere
898 833 1065 860 nomen
1099 818 1306 875 Cyrenae
1349 824 1486 875 atque
1517 819 1757 863 Coronidis
1800 820 1986 864 demon-

277 895 420 931 strare
459 894 650 931 conatus
695 893 777 931 est.
849 890 973 941 Quae
1013 894 1234 945 quantum
1273 890 1473 945 valeant,
1520 891 1818 948 peritioribus
1848 891 1987 935 relin-

278 975 425 1016 quam.

419 1032 573 1087 Atque
607 1046 696 1087 quo
728 1031 952 1074 infirmior
984 1037 1053 1074 est
1085 1033 1229 1089 ipsius
1269 1033 1469 1076 nominis
1502 1033 1709 1090 Cyrenae
1741 1033 1991 1077 Thessalae

278 1103 346 1144 vis
381 1110 423 1144 et
458 1103 721 1158 auctoritas,
755 1118 806 1145 eo
840 1103 1047 1146 fallacior
1073 1104 1260 1146 Maassii
1299 1109 1368 1148 est
1401 1105 1675 1161 coniectura,
1709 1105 1788 1162 qui
1819 1104 1879 1149 ob
1911 1119 1988 1148 ex-

278 1180 431 1216 ternas
465 1175 683 1230 quasdam
716 1175 1040 1217 similitudines
1072 1175 1255 1217 urbium
1279 1173 1505 1230 Ἀντίκυρα
1539 1177 1724 1220 nomina
1745 1175 1988 1220 cohaerere

278 1261 379 1287 cum
428 1245 510 1287 hac
560 1246 763 1302 nympha
807 1246 1028 1289 Thessala
1076 1246 1162 1290 sibi
1210 1246 1496 1303 persuasiffl).
1560 1248 1690 1291 Inter
1734 1247 1989 1305 nympham

278 1318 400 1358 enim
432 1323 477 1359 et
510 1317 643 1370 tres³)
676 1318 776 1360 illas
810 1317 945 1360 huius
980 1319 1176 1361 nominis
1208 1318 1359 1374 urbes,
1400 1334 1591 1376 quarum
1623 1319 1740 1362 duae
1771 1319 1990 1363 videntur

279 1390 419 1431 fuisse
453 1389 810 1445 Phooenshun‘),
859 1391 998 1432 tertia
1033 1391 1298 1447 Locrorum,
1346 1392 1435 1434 nisi
1482 1392 1719 1435 nominum
1766 1390 1990 1447 quaedam

278 1461 601 1503 similitudines
634 1462 786 1503 nullae
819 1467 1004 1504 exstant
1037 1463 1411 1506 necessitudines.
1466 1463 1621 1520 Atque
1652 1463 1701 1506 in
1722 1462 1825 1520 ipsa
1845 1456 1990 1506 altera

280 1532 584 1574 Phocensium
618 1533 729 1574 urbe
751 1533 862 1575 satis
886 1534 1069 1576 videtur
1091 1534 1346 1590 mirificum,
1380 1535 1516 1591 quod,
1550 1549 1666 1591 quae
1688 1533 1990 1577 exadversum

280 1610 349 1645 est
388 1603 509 1657 urbs,
559 1619 738 1661 semper
770 1609 961 1648 vocatur
996 1610 1129 1660 Κίρρα
1177 1606 1343 1662 (neque
1385 1605 1523 1660 Κιῖρα;
1572 1605 1772 1649 Marmor
1803 1605 1991 1648 Parium

283 1675 427 1729 Λίἱρρα
460 1675 603 1717 Fun-h
636 1691 708 1718 no.
743 1677 818 1727 53)
852 1677 1102 1732 montique,
1137 1678 1214 1733 qui
1246 1678 1500 1731 interiacet,
1534 1692 1700 1720 nomen
1729 1681 1800 1720 est
1824 1681 1989 1733 Κίρφις,

281 1752 332 1787 ut
365 1752 520 1802 posset
553 1747 715 1789 coniici
763 1763 810 1790 re
844 1763 954 1790 vera
983 1745 1249 1802 Ἀντίκιρραν
1286 1749 1455 1791 rectius
1494 1748 1647 1803 scribi,
1695 1748 1784 1791 nisi
1817 1747 1991 1805 aliquid

279 1823 569 1873 opponerent
601 1818 890 1861 difficultatis
938 1819 1262 1876 inscriptiones
1295 1819 1612 1876 nummique⁶).
1677 1819 1823 1862 Addit
1854 1807 1990 1877 porro

283 1889 517 1943 stamius,
552 1904 696 1946 prope
730 1891 958 1945 quandam
991 1890 1153 1933 harum
1185 1890 1367 1933 urbium
1394 1891 1594 1933 inveniri
1614 1891 1765 1933 locum
1786 1891 1991 1948 Hypata,

282 1968 418 2016 atque
451 1963 557 2017 quia
593 1960 914 2016 Studniczkass)
938 1963 1145 2018 Cyrenae
1168 1968 1347 2019 patrem
1368 1963 1611 2019 Hypseum
1632 1977 1681 2005 re
1703 1976 1814 2005 vera
1833 1962 1994 2006 Iovem

283 2032 559 2088 Hypsistum
608 2048 705 2075 esse
751 2034 946 2075 coniecit
978 2034 1202 2077 Maassius
1249 2035 1398 2077 inesse
1445 2034 1618 2090 aliquid
1650 2033 1867 2090 opinatur
1896 2047 1993 2077 mo·

284 2105 440 2156 menti,
475 2105 594 2161 quod
628 2105 713 2148 hoc
746 2106 844 2147 loco
869 2106 1210 2163 coniungantur
1231 2111 1365 2163 pater
1386 2111 1432 2149 et
1454 2106 1560 2149 filia.
1610 2106 1815 2148 Primum
1836 2109 1994 2148 tamen

286 2175 407 2216 nulla
455 2191 501 2217 re
551 2191 853 2228 commoveor,
902 2183 953 2219 ut
987 2178 1297 2220 Studniczkae
1345 2178 1654 2221 coniecturam
1690 2181 1861 2220 rectam
1895 2190 1993 2219 esse

284 2248 541 2288 ‹mu-edam.
619 2248 735 2299 Quid
785 2249 936 2290 enim?
985 2264 1043 2291 an
1089 2249 1166 2291 ille
1214 2263 1407 2305 quoque,
1457 2248 1536 2305 qui
1581 2249 1702 2291 inest
1748 2247 1797 2290 in
1843 2246 1994 2290 media

429 2387 453 2426 ¹)
492 2386 668 2432 Gotting.
689 2387 830 2423 Nachr.
852 2388 954 2430 1890,
973 2387 1017 2422 37
1037 2399 1092 2433 sq.

427 2445 450 2482 ²,
493 2445 668 2491 Giitting.
689 2446 875 2481 Gelehrtc
895 2447 1062 2492 Anzeig.
1085 2447 1185 2489 1890,
1213 2447 1282 2482 345
1300 2457 1383 2492 sqq.

427 2504 453 2547 ³)
494 2505 610 2539 affort
635 2505 763 2540 strab.
784 2516 848 2551 pp.
866 2505 947 2548 416,
965 2506 1054 2550 4183
1080 2506 1169 2550 4323
1195 2506 1275 2549 428,
1294 2506 1374 2541 434.

428 2564 455 2605 ⁴)
497 2564 760 2599 I’hocensium
793 2565 898 2599 enim
930 2564 1029 2600 fines
1062 2565 1356 2610 antiquioribus
1388 2564 1633 2610 temporibus
1665 2564 1841 2610 patuisse
1871 2573 1996 2610 supra

287 2620 573 2668 Thermopylas
599 2623 649 2658 ad
676 2626 968 2670 septentriones
994 2628 1163 2671 apparet
1187 2635 1239 2660 ex
1264 2623 1467 2660 Herodoto
1494 2622 1680 2668 (VI1176,
1698 2623 1768 2659 215
1794 2627 1833 2659 et
1855 2622 1996 2660 Steinii

287 2679 389 2721 adn„
417 2682 465 2715 cf.
485 2683 602 2717 etiam
622 2682 713 2717 VIII
733 2684 776 2718 27
797 2686 895 2729 sqq.)
923 2683 1194 2729 videnturque
1219 2693 1336 2729 porro
1368 2682 1606 2729 pertinuisse
1638 2691 1768 2728 usque
1799 2682 1851 2717 ad
1881 2680 1997 2729 Sper-

288 2738 438 2774 choum.
460 2741 565 2784 quod
586 2748 713 2787 potest
732 2742 913 2778 concludi
934 2747 973 2778 et
991 2753 1041 2777 ex
1061 2742 1219 2778 duobus
1237 2741 1441 2787 Anticyris
1459 2751 1581 2787 prope
1598 2740 1780 2777 Lamiam
1798 2740 1996 2777 Cirrham·

289 2807 366 2840 quc
394 2804 430 2832 ct
458 2799 614 2835 duobus
641 2802 796 2847 oppidis
822 2801 1032 2837 Trachidis
1062 2801 1290 2836 nominibus
1316 2800 1518 2836 Instructis
1550 2800 1616 2845 (de
1646 2801 1778 2837 minus
1808 2802 1904 2836 nota
1927 2798 1996 2836 1110

288 2856 338 2889 nd
369 2857 606 2894 Parnassum
634 2861 709 2895 sita
736 2862 784 2896 cf.
811 2861 942 2897 Sti-ab.
968 2871 1003 2906 p.
1022 2860 1121 2904 423).

431 2918 458 2959 ⁵)
498 2917 556 2952 La
584 2918 660 2953 Bas
690 2920 790 2963 1002,
818 2920 933 2955 Head
960 2920 1047 2955 hist.
1074 2927 1223 2954 numm.
1250 2929 1286 2963 p.
1304 2918 1385 2953 288.

432 2978 457 3014 ⁶]
499 2977 691 3013 er.1·17.
