2148 3434
968 98 1264 139 -16-

270 218 583 262 Callimachus.
647 217 857 258 Delectat
891 216 1011 257 enim
1043 229 1126 258 nos
1158 220 1296 272 poeta
1327 215 1668 258 Alexandrinus
1707 215 1858 259 minus
1888 215 1970 272 ita,

269 300 317 332 ut
352 296 557 346 pertexat
594 302 729 329 unam
763 293 809 329 et
841 287 1154 328 continentem
1192 287 1432 342 picturam,
1479 287 1527 329 in
1567 301 1657 343 qua
1693 286 1792 329 sine
1829 285 1971 329 inter-

270 361 399 402 vallis
433 374 623 415 persona
657 364 885 399 asseratur
907 371 1143 413 personae,
1175 372 1247 399 res
1275 357 1355 412 rei,
1388 357 1466 400 sed
1494 362 1547 400 ut
1568 357 1737 400 formet
1758 360 1970 413 secretas,

269 447 381 487 quae
415 432 537 486 ipsae
571 430 723 471 omnia
755 443 836 470 sua
868 428 1248 484 complectuntur,
1287 428 1496 483 tabellas,
1539 429 1672 472 lineis
1714 429 1834 471 clare
1870 427 1971 471 des·

268 503 444 557 criptis:
495 515 607 556 quae
656 500 863 553 singulae
902 499 1107 554 picturae
1146 499 1276 554 quasi
1307 498 1457 542 forma
1487 499 1642 556 lignea
1673 499 1972 542 includuntur

269 574 343 614 illo
377 572 581 622 artificio,
631 577 681 612 ut
719 570 891 626 primus
931 570 1149 626 cuiusque
1182 585 1343 612 scenae
1375 585 1535 613 versus
1568 575 1648 613 aut
1678 571 1861 628 integer
1891 574 1972 614 aut

268 644 425 685 similis
473 643 517 683 in
558 641 772 683 extremis
819 641 1012 682 iteretur
1059 641 1287 683 coronidis
1335 642 1493 684 instar.
1570 642 1712 685 Velut
1747 642 1834 685 hoc
1870 641 1971 685 loeo

268 730 331 755 vs.
362 716 418 754 93

537 781 588 825 οἷν
618 787 756 825 κείνου
787 782 915 837 χορὸν
946 784 1033 825 εἶδε
1065 782 1283 837 θειότερον
1314 783 1448 826 ἄλλον
1469 781 1699 827 Ἀπόλλων

267 856 435 911 excipit
468 869 648 896 versum
683 855 738 897 85
762 869 831 909 sq:

579 924 602 978 ἢ
633 926 668 980 ῥ’
681 924 811 980 ἐχάρη
840 929 950 979 μέγα
985 927 1145 979 Φοῖβος
1177 925 1243 968 ὅτε
1275 926 1475 982 ζωστῆρες
1495 922 1670 975 Ἐνυοῦς

577 993 724 1050 ἀνέρες
756 995 999 1051 ὠρχήσαντο
1030 995 1136 1051 μετὰ
1169 999 1375 1052 ξανθῆισι
1404 996 1642 1051 Λιβύσσαις

267 1070 344 1121 ita,
378 1077 422 1109 ut
460 1067 541 1109 hos
576 1068 696 1109 intra
729 1083 888 1110 versus
921 1068 1049 1123 quasi
1082 1082 1227 1124 parva
1257 1067 1429 1111 tabella
1468 1068 1749 1125 depingatur
1779 1068 1971 1112 Dorien-

267 1140 380 1181 sium
415 1139 680 1181 saltantium
715 1139 1035 1195 Apollinisque
1068 1140 1322 1195 spectantis
1354 1140 1520 1196 imago.

410 1211 504 1252 Hae.
537 1211 736 1266 imagine
769 1210 931 1253 duobis
970 1211 1060 1253 illis
1099 1211 1308 1253 versibus
1348 1211 1590 1268 perspicue
1628 1210 1972 1268 circumscripta

267 1296 429 1323 novam
463 1283 663 1323 annectit
700 1287 835 1338 poeta
868 1282 1166 1324 sententiam:
1210 1283 1404 1325 eundem
1437 1283 1550 1325 dicit
1587 1282 1736 1337 deum,
1770 1280 1849 1338 qui
1878 1281 1972 1324 iam

266 1359 370 1393 ante
404 1354 605 1408 Cyrenas
638 1353 845 1395 conditas
879 1353 1072 1396 favisset
1105 1354 1371 1409 condituris,
1405 1369 1458 1397 eo
1490 1354 1638 1410 magis
1666 1367 1788 1396 nunc
1809 1351 1971 1396 urbem

266 1423 500 1465 florentem
524 1439 603 1465 suo
627 1439 778 1466 amore
801 1425 1057 1480 complecti,
1087 1425 1194 1481 quia
1216 1425 1324 1467 olim
1346 1426 1493 1482 ipsam
1516 1424 1769 1482 nympham
1789 1427 1972 1481 raptam

266 1494 549 1549 deposuisset
583 1495 740 1537 eodem
774 1496 887 1550 loco,
921 1510 1009 1551 quo
1032 1500 1193 1552 postea
1216 1500 1534 1540 exsurrectura
1555 1501 1653 1539 erat
1673 1495 1796 1538 urbs.
1843 1495 1972 1538 Haeo

267 1580 396 1617 nova,
437 1580 550 1620 qnae
591 1566 798 1609 versibus
837 1567 1066 1623 prioribus
1106 1568 1351 1622 adduntur,
1398 1568 1587 1610 minime
1633 1567 1743 1610 licet
1779 1566 1971 1610 miscere

265 1652 364 1678 cum
398 1637 475 1689 eis,
510 1652 623 1692 quae
657 1638 702 1679 in
736 1638 814 1679 illa
846 1638 1046 1694 imagine
1079 1644 1210 1681 erant
1242 1639 1438 1695 depicta,
1472 1653 1562 1695 qua
1592 1639 1641 1681 in
1671 1653 1722 1682 re
1752 1638 1972 1681 miramur

265 1708 374 1749 artis
424 1709 683 1759 versutiam,
733 1724 821 1764 qua
870 1709 1174 1752 Callimachus
1223 1710 1458 1767 componit
1504 1725 1590 1765 res,
1639 1724 1755 1766 quae
1802 1724 1885 1767 per
1921 1724 1971 1753 se

265 1780 516 1821 contrariae
563 1787 682 1834 sunt,
732 1781 795 1822 ita
842 1786 894 1823 ut
941 1796 1073 1823 nemo
1121 1781 1205 1824 hac
1244 1782 1553 1838 discrepantia
1584 1781 1858 1837 offendatur,
1891 1780 1971 1838 qui

265 1851 443 1905 quidem
479 1866 661 1906 operam
696 1852 788 1906 dat,
837 1858 888 1895 ut
935 1858 1146 1909 penetret
1194 1853 1249 1895 ad
1283 1853 1418 1895 huius
1450 1857 1546 1895 tam
1579 1853 1825 1910 singularis
1857 1852 1970 1896 artis

267 1922 495 1964 medullas.

405 1994 558 2049 Atque
591 1995 806 2036 extremis
840 1995 928 2037 illis
963 1995 1169 2037 versibus
1203 1997 1259 2038 95
1285 2011 1365 2052 sq.‚
1414 2010 1527 2052 quos
1570 1995 1698 2038 addit
1729 1994 1872 2052 priori
1901 1993 1972 2038 illi

265 2072 315 2105 ut
349 2064 412 2105 ita
444 2065 588 2106 ‹lit-am
623 2065 825 2121 imagini,
859 2081 967 2108 sane
1001 2067 1260 2122 significare
1298 2068 1483 2110 doctum
1516 2066 1883 2110 Alexandrinum
1913 2065 1971 2109 de

266 2135 433 2176 usitata
466 2136 707 2178 Pindarica
753 2137 935 2179 fabulae.
982 2138 1130 2180 forma
1177 2139 1347 2191 elucet;
1396 2143 1606 2181 nostrum
1651 2142 1807 2181 tamen
1844 2140 1914 2180 est
1944 2151 1970 2180 e

266 2206 491 2261 prioribus
525 2208 613 2249 illis
647 2208 701 2250 de
724 2208 958 2264 Myrtussa
991 2209 1373 2265 significantibus,
1408 2210 1486 2266 qui
1511 2210 1722 2252 redolent
1743 2208 1971 2265 originem

267 2276 585 2331 Cyrunonmn,
631 2280 791 2322 elicere
832 2281 961 2336 quasi
1001 2296 1023 2321 e
1056 2284 1205 2323 terrae
1238 2281 1446 2324 cavernis
1478 2281 1592 2324 illud
1625 2295 1799 2335 auffl,
1846 2279 1970 2337 quod

266 2348 350 2388 iam
387 2349 515 2390 nobis·
550 2356 774 2392 monstrat
806 2352 903 2407 ipse
937 2352 1224 2407 Cyrenensis.

407 2421 558 2474 Atque
592 2422 887 2476 Stuflniczka,
921 2423 998 2478 qui
1031 2429 1138 2465 ante
1161 2424 1416 2480 complures
1440 2437 1583 2466 annos
1606 2421 1826 2465 tractavit
1846 2421 1970 2466 huno

266 2488 537 2543 hymnnm¹).
588 2507 684 2533 eam
734 2493 967 2547 ingressus
1015 2499 1084 2536 est
1116 2495 1253 2549 viam,
1301 2498 1354 2536 ut
1395 2493 1619 2549 omnibus,
1665 2507 1781 2550 quae
1812 2497 1970 2537 narrat

268 2567 414 2614 pua-ta,
448 2562 578 2603 aliam
615 2570 895 2620 supponeret
917 2565 1010 2607 vim
1040 2571 1085 2606 et
1108 2565 1442 2619 auctoritatem,
1466 2565 1617 2621 ipsum
1639 2563 1970 2608 Callimachum

267 2631 493 2686 nymphae
543 2648 743 2689 pugnam
793 2637 1080 2679 transtulisse
1122 2640 1249 2679 ratus
1282 2652 1305 2679 e
1336 2641 1513 2679 remota
1544 2635 1783 2679 Thessalia
1811 2634 1861 2677 in
1891 2633 1968 2679 Li-

268 2700 416 2756 byam,
464 2720 516 2743 eo
549 2706 751 2760 consilio,
801 2714 851 2749 ut
885 2708 968 2750 sub
1001 2709 1218 2750 luctantis
1266 2707 1500 2764 nymphae
1532 2707 1683 2764 specie
1715 2707 1968 2750 illustraret

269 2772 511 2816 Berenicae
547 2777 588 2817 in
624 2777 799 2819 leonem
822 2771 1107 2821 Demetrium
1139 2779 1317 2821 facinus
1350 2778 1613 2835 gloriosum.
1661 2778 1799 2821 Hunc
1830 2777 1966 2834 enim,

411 2939 416 2956 ¹
476 2938 604 2972 norm.
626 2939 789 2974 xxvm
810 2942 912 2984 1893,
941 2943 955 2976 1
978 2951 1061 2986 sqq.
