2148 3434
982 111 1307 179 '‘S—'⁷

411 237 443 274 1.
493 231 774 274 Thessaliam
806 230 853 272 in
886 235 1080 285 utroque
1102 229 1303 272 carmine
1325 228 1532 285 Cyrenae
1555 243 1653 272 esse
1685 228 1967 273 domicilium

264 315 466 360 apparet.

404 375 443 415 ⁶2.
493 373 750 426 Chironem,
785 371 862 428 qui
894 385 1003 413 sane
1034 385 1117 426 per
1148 371 1298 413 iocum
1328 370 1376 412 in
1408 370 1610 413 Pindaro
1642 370 1803 414 edocet
1829 370 1968 414 deum

263 447 316 487 de
356 445 528 500 nuptiis
569 443 798 499 proleque,
847 456 962 497 quae
1010 442 1070 483 sit
1118 445 1401 498 proventura
1448 456 1505 484 ex
1542 441 1621 484 illo
1658 440 1965 497 matrimonio,

262 517 386 558 iuius
421 527 571 556 tamen
605 514 821 556 vaticinio
855 513 944 569 ipsi
976 512 1183 569 Apollini
1207 513 1306 554 vati
1333 526 1443 555 sane
1464 524 1578 566 opus
1611 527 1705 555 non
1737 527 1836 556 esse
1865 512 1967 570 ipse

261 599 378 629 nete
428 595 576 628 monet
627 592 777 641 poeta,
826 585 891 626 ita
938 590 990 626 ut
1038 584 1224 626 omnino
1271 583 1419 640 possit
1460 583 1688 627 removeri
1724 598 1781 626 ex
1818 583 1966 627 omnis

263 658 533 700 nanitionis
567 662 800 710 contextu,
835 670 933 698 eam
967 655 1025 698 ob
1057 670 1153 698 rem
1185 655 1359 712 optime
1397 655 1611 711 exposuit
1643 653 1965 707 Studniczka¹)

261 729 446 770 carmini
481 729 700 770 insertum
735 742 832 769 esse
865 742 891 768 a
923 731 1060 783 poeta
1092 727 1251 782 lyrico,
1288 726 1395 782 quia
1425 726 1725 782 praecipuum
1761 725 1811 768 in
1841 725 1968 770 Eoea

263 802 407 842 locum
440 806 614 841 teneret
650 798 787 840 Chiro
822 797 975 854 ibique
1008 798 1125 840 serio
1158 797 1490 840 vaticinaretur
1527 797 1626 852 deo,
1665 811 1782 853 quae
1818 797 1868 840 in
1897 797 1966 841 lu·

261 871 454 913 ‹librinm
488 869 697 912 vertebat
730 869 956 911 Pindarus
989 870 1161 925 quippe
1195 869 1273 924 qui
1304 868 1421 910 hanc
1453 868 1744 911 inscientiam
1781 868 1866 913 deo
1896 868 1967 912 in-

260 943 443 998 dign-ani
477 957 573 982 esse
605 941 838 983 iudicaret.
904 940 1041 982 Chiro
1075 940 1219 996 igitur
1249 940 1398 982 inerat
1429 939 1478 981 in
1509 939 1647 982 Eoea.

403 1013 460 1054 II.
519 1013 706 1054 Praeter
740 1011 986 1054 Chironem
1020 1011 1159 1053 etiam
1198 1010 1431 1067 nymphae
1468 1010 1517 1052 in
1541 1009 1750 1053 Africam
1780 1015 1967 1068 raptum

260 1085 402 1125 eidem
452 1083 793 1125 attribuendum
843 1098 940 1125 esse
987 1083 1138 1125 Eoeae
1185 1082 1481 1125 statuendum
1529 1086 1599 1124 est
1637 1097 1662 1125 e
1698 1081 1965 1126 testimonio

260 1155 535 1210 Pherevydis
569 1161 614 1196 et
647 1155 892 1208 Araet.hi⁹)‚
927 1155 1003 1210 qui
1037 1169 1169 1196 curru
1203 1154 1359 1210 cycnis
1392 1158 1553 1196 ornato
1566 1152 1598 1205 ³)
1638 1167 1738 1196 eam
1775 1153 1967 1197 tradunt
2033 1185 2036 1190 -

260 1228 304 1268 in
339 1227 530 1282 Libyam
566 1226 827 1281 pervenisse
844 1227 888 1276 ⁴).
951 1226 1146 1268 Videtur
1179 1225 1300 1266 enim
1333 1225 1480 1267 onmis
1513 1239 1702 1281 poscere
1733 1224 1866 1280 ratio,
1898 1229 1965 1282 ut,

259 1313 344 1353 qna
380 1299 421 1338 in
457 1312 504 1338 re
538 1297 657 1338 iuter
690 1311 736 1339 se
770 1297 1066 1339 consentiunt
1088 1296 1378 1352 Pherecydes
1401 1300 1539 1352 atque
1561 1296 1802 1351 Pindarus,
1835 1296 1966 1340 attri-

260 1369 456 1410 buantur
488 1369 623 1410 etiam
659 1369 873 1410 Hesiodo.
918 1368 1088 1419 Quodsi
1112 1368 1252 1410 infuit
1274 1368 1323 1410 in
1345 1367 1470 1410 Eoea
1501 1371 1661 1424 raptus
1683 1367 1732 1410 in
1753 1367 1965 1426 Libyam,

259 1441 616 1481 com-ludendum
650 1446 719 1481 est
753 1445 858 1496 post
891 1439 1094 1495 Cyrenas
1127 1439 1336 1482 conditas
1375 1439 1681 1496 compositum
1721 1454 1819 1483 esse
1850 1439 1966 1484 illud

258 1526 435 1552 varmei)
472 1511 746 1553 llesiodeum
779 1511 805 1552 i.
832 1526 867 1553 e.
903 1512 1020 1553 circa
1053 1526 1223 1553 annum
1256 1511 1355 1553 600.

400 1582 484 1623 ΙΙΙ.
535 1583 717 1625 Tertius
771 1583 923 1636 testis,
983 1583 1061 1639 qui
1114 1597 1349 1639 quousque
1404 1582 1611 1625 imitatus
1666 1583 1727 1625 sit
1779 1582 1964 1639 Eoeam,

259 1652 507 1694 audiendus
542 1660 624 1707 est,
658 1654 833 1696 aceedit
866 1654 1141 1710 Apollonius
1173 1654 1383 1696 Rhodius
1416 1653 1610 1710 (Argon.
1639 1653 1689 1696 ΙΙ
1721 1653 1810 1698 500
1831 1654 1964 1712 sqq.).

259 1725 386 1766 Illius
434 1726 568 1779 enim,
616 1727 693 1781 qui
741 1727 786 1768 in
833 1726 1041 1782 digressu
1087 1726 1242 1781 refert,
1291 1741 1407 1782 quae
1451 1725 1657 1780 πρότερον
1704 1726 1857 1781 ἄνδρες
1907 1725 1966 1770 de

259 1799 435 1851 Cyrenai
469 1797 662 1839 fabulati
697 1803 839 1851 erant,
889 1798 1204 1840 testimonium
1242 1797 1363 1839 haud
1403 1798 1468 1839 ita
1506 1797 1619 1840 mihi
1657 1797 1967 1854 spernendum

260 1867 438 1908 videtur
486 1874 535 1909 nt
583 1869 891 1912 Studniczkae
907 1870 959 1923 ⁵),
1008 1870 1244 1926 quoniam,
1294 1870 1392 1926 ipse
1440 1869 1576 1912 homo
1623 1869 1964 1926 grammaticus,

260 1939 405 1980 minus
440 1956 462 1980 e
496 1955 576 1982 sna
607 1941 751 1997 ipsius
785 1942 1005 1984 1·atione⁶)
1056 1957 1190 1997 quam
1232 1957 1255 1984 e
1293 1941 1626 1984 vetustioribus
1664 1939 1834 1984 fabulis
1865 1941 1966 1998 ipso

259 2025 354 2051 sese
389 2010 590 2053 hausisse
624 2012 808 2054 fatetur.
874 2014 1027 2069 Atque
1060 2013 1257 2069 primum
1289 2013 1368 2055 illa
1398 2011 1663 2069 referamus,
1711 2026 1828 2070 quae
1873 2011 1966 2056 iam

259 2081 332 2122 alii
365 2097 419 2123 ex
453 2083 574 2124 Eoea
607 2098 708 2125 eum
743 2084 916 2140 cepisse
951 2091 1303 2140 perspexerunt:

405 2156 437 2193 l.
489 2156 787 2209 Cognomina,
831 2155 996 2211 quibus
1031 2161 1219 2198 ornatur
1250 2156 1503 2210 Aristaeus,
1551 2169 1745 2212 quorum
1777 2159 1824 2198 et
1855 2154 1964 2198 Pin-

259 2223 391 2264 ‹lami›¹
426 2225 580 2280 (Pyth.
619 2226 685 2267 IX
720 2227 796 2273 64)
829 2233 874 2268 et
912 2227 1186 2284 Apollonius
1220 2228 1285 2281 (II
1318 2228 1425 2278 507)
1471 2227 1754 2270 mentionem
1785 2225 1964 2269 faciunt

258 2303 301 2334 et.
337 2310 448 2349 qnae
484 2297 553 2338 vel
587 2313 640 2338 ex
676 2297 837 2340 horum
870 2299 1058 2340 testium
1094 2314 1319 2341 consensu
1353 2299 1502 2341 Eoeae
1536 2297 1844 2353 infigeremus,
1893 2296 1963 2340 in-

402 2423 423 2454 ¹,
467 2423 559 2466 ΚΠ.
580 2434 615 2468 p.
635 2425 690 2457 41.

400 2482 412 2501 '⁶'
464 2482 588 2516 Schol.
609 2483 734 2529 Apoll.
755 2483 824 2517 Rh.
854 2483 994 2518 11498:
1033 2482 1231 2531 ψερικύδης
1262 2486 1300 2519 δὲ
1330 2496 1411 2529 φησι
1445 2484 1505 2518 καὶ
1537 2482 1699 2531 Ἄραιθος
1729 2484 1786 2518 ἐπὶ
1822 2481 1962 2519 κύκνων

260 2540 362 2580 (ἄη),-
389 2541 576 2584 timonem*
602 2542 688 2576 xuni
713 2541 921 2583 ’Λπόλλωνος
947 2548 1151 2589 προαίρεσιν
1177 2546 1225 2583 εἰς
1250 2542 1311 2586 τὴν
1337 2539 1469 2586 Λιβύην
1493 2541 1688 2587 ἀφικέσθαι

403 2599 414 2618 ²
470 2600 540 2633 hnc
569 2600 616 2634 de
644 2611 686 2634 rc
713 2606 820 2636 recte
848 2601 999 2637 iudicat
1025 2601 1152 2636 Maass.
1180 2601 1312 2636 Herm.
1339 2599 1448 2635 XXV
1469 2599 1572 2635 1890.
1598 2599 1699 2635 403¹.

402 2659 411 2676 ¹
467 2657 629 2702 Bergkii
664 2659 745 2701 (Gr.
772 2659 1128 2705 Litteraturgesch.
1154 2660 1296 2703 11005)
1327 2662 1367 2695 et
1399 2658 1594 2694 Liibberti
1625 2657 1691 2702 (de
1715 2657 1830 2693 Pind.
1855 2657 1960 2694 stud.

261 2714 415 2749 nonu-r.
444 2723 480 2750 «et
510 2717 665 2751 lle-siml.
695 2718 777 2752 Ind.
804 2719 923 2753 schol.
951 2719 1074 2754 Bonn.
1102 2719 1230 2762 188112
1261 2730 1297 2765 p.
1316 2718 1352 2760 Ἰ)
1383 2717 1592 2760 sententia,
1623 2717 1692 2763 qui
1715 2720 1876 2763 raptum
1908 2718 1960 2754 ab

263 2773 365 2806 Eovn
403 2775 575 2810 alienum
617 2778 737 2811 fuisse
777 2778 1079 2821 contenderunt,
1117 2779 1194 2813 iam
1227 2788 1251 2812 a
1281 2776 1525 2813 Studniczka
1564 2775 1676 2821 (Kyr.
1703 2776 1818 2821 p.42)
1856 2776 1960 2814 bene

260 2833 464 2866 refutatur.

401 2893 412 2910 '³
468 2892 561 2926 er.
598 2894 690 2928 ›.43.

399 2955 411 2969 ’Δ
466 2929 518 2984 sic
547 2904 651 2985 relcu-
679 2952 842 2987 Crusius
882 2953 1018 2988 Littcr.
1045 2952 1256 2989 centn-albi.
1284 2952 1387 2994 1890,
1414 2952 1500 2987 1141
1523 2963 1579 2997 sq.
