2148 3434
968 142 1026 148 -
1087 120 1264 179 24..-

268 253 315 284 ut
350 242 553 289 dicimus,
602 239 765 281 aetatis
797 237 994 279 maxime
1032 237 1080 278 in
1113 251 1180 291 eo,
1229 236 1351 292 quod
1383 235 1599 280 abhorret
1631 235 1688 279 ab
1721 236 1848 280 omni
1876 236 1972 281 dia.-

266 313 485 354 lectorum
537 310 771 351 mixtione.
855 308 955 350 Iam
1013 308 1051 350 si
1108 321 1425 364 comparamus
1482 313 1725 364 utramque
1774 307 1972 352 formam

268 381 520 434 Μυρτώσιον
552 383 679 427 αἶπος
712 385 758 421 et
791 380 1064 432 Μυριοῐνσσα,
1113 383 1384 434 quaerentes
1431 393 1629 435 quanam
1674 393 1788 423 voce
1834 378 1972 436 Cyre-

268 468 428 494 nenses
476 451 563 507 ipsi
602 450 939 507 appellaverint
986 449 1107 491 hunc
1147 449 1309 492 collem
1339 450 1504 493 murtis
1536 454 1749 493 ornatum
1779 473 1839 480 —
1869 450 1972 507 quis

267 522 497 565 dubitabit
531 522 640 577 quin
672 521 792 562 illius
826 520 965 563 fuerit
998 535 1165 563 nomeu
1200 520 1472 573 Mvaicffoe‘?

409 594 497 635 Sed
546 592 747 634 nondum
795 591 1001 633 contenti
1050 591 1323 646 quaerimus,
1371 590 1451 633 ubi
1498 590 1640 634 fuerit
1671 591 1865 648 Cyrenis
1895 590 1974 635 hio

267 665 392 707 collis
425 664 669 719 Myrtossa.
734 663 845 704 Erat
878 663 925 703 in
958 661 1231 704 occidentali
1263 661 1390 704 urbis
1422 666 1555 719 parte
1575 663 1802 719 templum
1832 662 1972 720 quod·

267 736 369 776 dani
403 734 809 776 celebratissimum
843 733 1072 789 Apollinis
1106 733 1362 789 Cyrenaici,
1405 734 1527 790 quod
1560 733 1844 791 applicatum
1875 737 1974 778 erat

267 807 320 848 ad
358 807 476 848 illius
525 806 650 847 collis
690 805 1017 858 declivitatem,
1066 805 1112 846 in
1145 819 1235 860 quo
1274 802 1546 861 antiquior¹)
1577 804 1704 848 urbis
1735 819 1843 862 pars
1875 809 1975 849 erat

268 885 510 919 exstructa.
576 877 671 918 Iani
706 876 833 917 iuvat
866 874 1029 917 afferre
1068 875 1416 932 inscriptionem
1449 876 1692 932 quandam,
1740 890 1877 933 quam
1907 875 1975 920 in·

267 956 491 990 venerunt
539 958 644 989 ante
693 947 859 989 multos
908 961 1051 988 annos
1099 947 1157 989 ad
1195 947 1602 1002 septentrionalem
1640 947 1776 991 huius
1811 947 1976 1005 templi

268 1029 457 1076 partein.
493 1034 606 1074 quae
641 1033 722 1060 nos
755 1018 889 1060 docet
922 1017 1027 1059 huic
1058 1017 1267 1074 Apollini
1299 1032 1466 1061 nomen
1498 1018 1640 1061 fuisse
1673 1016 1924 1078 qutm'qu’).

695 1088 799 1143 ὑπὲρ
831 1090 900 1143 τῆς
932 1092 1130 1142 Νέρωνος
1163 1089 1376 1132 Κλαυδίου

697 1164 910 1212 Καίσαρος
943 1164 1055 1215 νίκης
1088 1162 1160 1202 καὶ
1191 1164 1398 1215 σωτηρίας

693 1235 763 1273 καὶ
796 1233 869 1274 τοῦ
901 1235 1018 1274 οἴκου
1050 1227 1181 1274 αὐτοῦ
1215 1230 1375 1281 παντός

685 1299 927 1346 Ἀπόλλωνι
961 1302 1159 1359 ΛΙυρταίῳ
1194 1308 1257 1345 M.
1271 1301 1500 1352 Ἀντώνιος

699 1375 900 1428 Γέμελλος
932 1375 977 1415 ἐκ
1009 1376 1092 1416 τῶν
1124 1375 1197 1417 τοῦ
1217 1372 1508 1424 Ἀπόλλωνος.

412 1444 543 1486 Unde
591 1445 907 1487 coniciendum
954 1451 1023 1488 est
1062 1445 1237 1500 collem,
1286 1446 1358 1488 cui
1390 1445 1582 1488 affixum
1615 1450 1714 1489 erat
1744 1445 1977 1503 Apollinis

270 1516 439 1571 Myrtoi
474 1517 708 1572 templum,
742 1517 866 1558 illam
899 1517 1177 1573 Myrtossam
1210 1516 1365 1560 fuisse.
1429 1517 1635 1572 Accedit,
1669 1516 1791 1573 quod
1824 1515 1978 1561 Smith

271 1594 315 1628 et
348 1586 558 1640 Porcher,
609 1602 800 1643 quorum
834 1588 917 1630 hac
950 1589 997 1630 in
1030 1604 1078 1630 re
1111 1603 1162 1631 eo
1203 1588 1346 1644 pluris
1379 1588 1713 1632 aestimandum
1745 1593 1816 1632 est
1845 1587 1978 1632 testi-

272 1659 484 1711 monium,
518 1673 606 1714 quo
640 1659 789 1701 minus
821 1659 996 1714 harum,
1030 1674 1141 1715 quas
1174 1659 1380 1716 exposui,
1408 1674 1559 1702 rerum
1580 1659 1753 1717 ignaris
1785 1657 1978 1703 infuerit

271 1730 491 1785 quaedam
524 1730 589 1771 ira
622 1730 718 1771 sive
752 1731 968 1784 studium,
1018 1736 1237 1774 annotare
1276 1745 1368 1774 non
1400 1731 1564 1774 inutile
1596 1734 1834 1787 putarunt,
1874 1745 1978 1774 cum

271 1801 394 1842 hisce
443 1801 551 1843 locis
585 1808 877 1844 versarentur
924 1817 1021 1845 sese
1069 1802 1257 1844 miratos
1306 1817 1403 1844 esse
1441 1803 1490 1844 in
1522 1802 1607 1845 hac
1638 1802 1841 1859 regione,
1888 1815 1979 1859 qua

272 1872 421 1925 vergit
454 1872 509 1913 ad
544 1872 668 1914 urbis
703 1880 880 1928 partein
912 1873 1208 1928 occidentem,
1257 1873 1438 1916 abunde
1471 1879 1645 1916 murtos
1677 1873 1880 1930 undique
1910 1872 1978 1917 ibi

272 1943 538 1993 fl‹)rciites³).
603 1944 777 1986 Natura
810 1945 866 1986 iis
899 1945 977 1998 eis,
1011 1960 1126 2001 quae
1159 1959 1340 2001 quoque
1372 1945 1470 1988 loco
1494 1948 1660 2002 sponte
1681 1958 1764 1988 sua
1784 1943 1977 2002 profert,

273 2015 464 2056 maxime
498 2014 585 2056 sibi
617 2015 733 2057 solet
767 2021 987 2058 constare.

414 2086 566 2141 Atque
600 2086 736 2128 liceat
774 2087 886 2129 mihi
933 2087 988 2129 de
1028 2088 1301 2143 cognomine
1347 2087 1482 2130 huius
1515 2087 1625 2130 novi
1657 2086 1888 2144 Apollinis
1922 2109 1977 2116 —

273 2171 404 2211 quein
453 2156 713 2199 Boeckhius
762 2158 828 2208 (C.
855 2158 888 2200 Ι.
915 2158 991 2200 Gr.
1023 2159 1123 2209 l.l.)
1171 2159 1322 2201 nescio
1370 2173 1460 2215 quo
1507 2163 1643 2215 pacto
1686 2157 1979 2201 coniunxerit

273 2242 373 2269 cum
416 2228 525 2269 inari
558 2228 742 2284 Myrtoo
779 2253 830 2257 —
877 2230 1097 2272 nonnulla
1135 2230 1300 2273 addere
1337 2229 1615 2273 testimonia.
1680 2229 1823 2287 Cypri
1855 2228 1978 2273 enim

275 2298 445 2339 insulm·
495 2314 677 2355 campos
725 2305 771 2342 et
803 2300 941 2343 silvas
984 2301 1249 2357 peragranti
1282 2301 1398 2344 alter
1430 2300 1614 2344 obviam
1647 2300 1776 2344 venit
1807 2299 1977 2358 Apollo

274 2370 433 2410 inurtis
467 2377 666 2424 ornatus,
702 2386 835 2426 quem
858 2371 921 2414 ibi
945 2371 1245 2415 nominabant
1269 2370 1553 2428 Mvoza'zqv‘).
1600 2371 1828 2428 Apollinis
1850 2385 1979 2415 soror

276 2440 434 2493 Diana,
469 2456 602 2496 quam
637 2441 694 2484 ob
727 2457 908 2484 causam
941 2443 1125 2499 penitus
1159 2443 1307 2486 oderit
1340 2447 1554 2497 murtum,
1588 2441 1740 2499 lepide
1762 2442 1978 2500 exposuit

419 2605 425 2623 ¹
433 2623 442 2646 μ
484 2603 565 2638 1100
584 2610 720 2638 contra
737 2604 1022 2641 Studniczkam
1050 2606 1089 2640 in
1116 2607 1231 2641 tertio
1258 2605 1388 2651 capite
1412 2604 1603 2650 probabo,
1628 2605 1698 2640 ubi
1725 2604 1775 2640 dc
1801 2605 1979 2642 locorum

276 2662 606 2707 descriptionibus
634 2663 798 2698 uberius
825 2664 1028 2700 disseram.

417 2723 444 2762 ²)
483 2722 522 2754 (“.
544 2721 570 2755 1.
590 2720 635 2757 G.
656 2722 709 2756 111
729 2723 822 2758 5138
841 2724 889 2758 cf.
908 2723 1224 2759 Smith-Porchei·
1241 2722 1400 2759 Diseov.
1419 2727 1460 2758 at
1477 2721 1634 2767 Cyrene
1653 2733 1711 2758 nr.
1731 2723 1786 2759 13.

417 2781 443 2822 ³)
481 2780 794 2817 Smith-Porcher
813 2783 834 2817 1.
853 2783 875 2817 l.
897 2794 931 2828 p.
950 2783 1007 2826 27,
1034 2793 1131 2818 over
1158 2782 1223 2818 the
1249 2782 1457 2818 luxuriant
1483 2781 1723 2817 abundanee
1748 2783 1793 2818 of
1814 2781 1979 2829 myrnae

278 2837 353 2870 and
382 2838 598 2874 oleandum.

419 2898 429 2916 ⁴
485 2897 611 2932 Dux-ia
637 2898 752 2943 Cypr.
772 2899 934 2944 24—28,
973 2900 1065 2936 Max
1097 2898 1525 2936 Ohneralsch-Riehter
1555 2899 1714 2944 ,Homer
1739 2899 1824 2936 und
1853 2899 1980 2937 Bibel‘

280 2965 313 2997 1·-
333 2955 407 2995 25¹,
437 2957 511 2990 iam
540 2958 838 3002 Oberhunnner,
865 2960 952 3001 ,Die
979 2959 1082 2995 Insel
1108 2958 1278 3006 Cypern‘
1304 2958 1384 2994 264.
