2148 3434
875 118 1165 161 ,15-

306 231 528 274 Attamen
575 232 726 289 ipsum
774 235 1102 279 Callimachum
1139 237 1332 281 fortasse
1373 241 1548 283 ratione
1581 251 1627 284 et
1659 246 1866 288 consulto

163 303 389 347 incertum
421 303 673 360 reliquisse,
707 320 821 362 quae
854 307 995 350 fuerit
1027 308 1236 364 Cyrenae
1270 310 1345 352 illa
1377 312 1489 365 laus,
1534 328 1635 356 cum
1673 315 1720 357 in
1753 317 1866 359 cele-

162 373 360 418 berrimo
390 374 470 418 illo
501 374 691 418 heroum
723 377 1045 421 Thessalorum
1077 381 1206 435 quasi
1235 382 1419 424 comitio
1444 398 1545 426 cum
1568 385 1668 427 aliis
1690 386 1866 430 Dianae

162 445 395 490 sodalibus
442 460 541 488 eam
586 447 824 491 induceret
862 450 1231 506 convenientem,
1280 453 1429 495 evinci
1474 469 1607 510 posse
1646 459 1864 513 sperarim

160 517 521 575 interpretandis
553 518 643 561 illis
676 519 900 576 versibus,
947 521 1112 577 quibus
1152 522 1315 565 iterum
1355 524 1538 567 uberius
1578 527 1696 570 idem
1730 539 1864 585 poeta

161 589 220 634 de
247 589 482 646 nymphae
513 589 724 633 laudibus
758 592 973 634 certiores
1005 608 1088 636 nos
1121 593 1245 635 fecit.

301 659 475 717 Agitur
506 660 561 702 de
593 660 718 704 hisce
751 663 958 706 versibus
993 664 1057 714 (II
1091 664 1305 716 85—96):

322 732 392 776 85.
441 730 466 787 ἦ
498 733 535 788 ῥ’
567 732 695 788 ἐχάρη
726 738 836 787 μέγα
870 737 1045 789 Φοῖβος,
1085 736 1152 777 ὅτε
1185 736 1384 792 ζωσιῆρες
1409 736 1579 788 Ἐνυοῦς

443 800 592 858 ἇνέρες
622 800 867 859 ὠρχήσαντο
898 807 1004 859 μετὰ
1037 809 1239 860 ξανθῆισι
1274 808 1524 861 Λιβιὲσσαις,

321 874 390 917 87.
439 878 615 930 τέθμιαι
645 874 738 918 εὖτέ
770 890 872 931 σφιν
907 879 1165 931 Καρνειάδες
1198 877 1362 929 ἤλυθον
1394 876 1512 933 ὦραι.

442 952 486 989 οἳ
515 947 688 989 ὁόὔπω
720 951 887 1003 πηγῆισι
922 948 1056 1004 Κόρης
1088 949 1294 992 ἐδύναντο
1326 950 1534 993 πελάσσαι

319 1016 389 1060 89.
438 1021 632 1072 Δωριέες,
668 1019 848 1074 πυκινὴν
880 1020 926 1062 δὲ
960 1019 1118 1069 νάπαις
1138 1021 1299 1070 ’Ἁζιὶιν
1331 1022 1491 1064 ἔναιον.

440 1088 538 1138 τοὺς
567 1090 647 1144 μὲν
678 1089 790 1141 ἄναξ
821 1092 911 1133 ἴδεν
943 1089 1084 1142 αὗιός,
1115 1092 1177 1146 ὲῆι
1209 1093 1505 1143 δ’ἐπεὸεἰξαιο
1539 1091 1697 1149 νιῖμφηι

317 1161 387 1204 91.
437 1160 536 1210 στὰς
567 1162 637 1204 ἐπὶ
669 1161 948 1217 ΛΙυρτοιῖσσης
978 1163 1252 1217 κεραιώδεος,
1286 1162 1349 1218 ἧχι
1381 1166 1530 1206 λέοντα

432 1230 594 1288 ιῩψηὶς
625 1237 863 1289 κατέπεφνε
893 1235 1009 1287 βοῶν
1041 1238 1150 1276 σίνιν
1182 1232 1460 1289 Εὐρυπύλοιο.

315 1303 386 1346 93.
436 1301 487 1346 οὗ
519 1307 658 1346 κείνου
689 1305 817 1358 χορὸν
848 1306 933 1347 εἶδε
965 1304 1181 1358 θειότερον
1212 1305 1345 1348 ἄλλον
1367 1303 1610 1356 Ἀπόλλων,

439 1373 539 1418 οὐδὲ
571 1374 693 1418 πόλει
725 1375 811 1418 τόσ“
844 1377 1019 1437 ἔνειμεν.
1038 1374 1266 1432 ὖᾳὲλσιμα,
1299 1377 1427 1419 τόσσα
1463 1378 1644 1432 Κυρήνηι

315 1446 385 1489 95.
433 1446 681 1502 μνωόμενος
713 1451 915 1503 προτέρης
947 1446 1191 1502 ἁρπακτύος
1215 1461 1224 1471 ·
1249 1446 1346 1490 σι’-δέ
1377 1450 1456 1503 μὲν
1488 1445 1610 1491 αὐτοί

438 1517 683 1560 Βαττιάδαι
715 1521 892 1572 Φοίβοιο
926 1521 1057 1561 πλέον
1089 1518 1198 1561 θεὸν
1231 1519 1364 1561 ἄλλον
1395 1520 1570 1562 ἔτεισαν.

291 1588 592 1632 Manifestum
629 1594 699 1632 est
738 1605 804 1632 vs.
845 1590 902 1632 85
929 1605 1026 1645 sqq.
1061 1590 1320 1632 adumbrari
1353 1605 1379 1632 a
1410 1596 1547 1647 poeta
1579 1590 1777 1647 speciem
1811 1597 1853 1632 et

149 1658 345 1704 formam
367 1660 543 1703 dierum
565 1660 803 1715 festorum,
828 1676 940 1717 quos
959 1661 1166 1717 Apollini
1185 1661 1359 1703 Carneo
1378 1662 1577 1715 agebant
1595 1662 1854 1714 Dorienses,

147 1731 354 1775 nondum
392 1731 506 1775 facti
545 1725 860 1789 Cyrenenses,
893 1734 971 1775 sed
1020 1733 1258 1775 etiamtum
1302 1733 1422 1775 Azili
1468 1733 1730 1775 habitantes
1777 1732 1852 1784 (cf.

147 1802 317 1846 Herod.
341 1803 409 1847 IV
429 1804 545 1858 157),
574 1804 841 1861 priusquam
863 1805 1287 1861 appropinquarent
1310 1808 1477 1860 πηγῆισι
1500 1805 1648 1860 Κόρης.
1689 1805 1852 1850 Hosce,

147 1889 251 1917 cum
281 1874 403 1918 Azili
435 1875 597 1919 choros
629 1876 862 1931 ducerent,
910 1877 1150 1932 conspexit
1188 1876 1356 1932 Apollo
1395 1891 1486 1918 una
1524 1891 1625 1918 cum
1659 1876 1851 1931 Cyrena,

147 1949 322 1989 stantes
362 1948 431 1989 ἐπὶ
470 1947 764 2003 Μυριούσσης,
811 1962 900 2003 quo
948 1948 1045 1990 loco
1084 1947 1261 1990 leonem
1300 1948 1472 1989 vicerat
1509 1947 1726 2003 Hypseis‚
1774 1946 1852 2002 qui

144 2015 212 2060 ibi
243 2017 474 2074 Eurypyli
506 2018 683 2075 Libyae
715 2019 836 2074 regis
869 2018 1010 2061 boves
1042 2023 1318 2061 vastaverat.

289 2089 680 2146 Obstupescimus.
745 2090 843 2141 Quo
875 2090 1075 2144 tandem,
1110 2090 1367 2145 quaerimus
1400 2104 1423 2130 e
1456 2103 1576 2131 novo
1609 2088 1694 2130 hoc
1717 2092 1848 2131 teste.

142 2159 273 2203 loco?
330 2161 495 2204 Nonne
543 2161 742 2204 Pindaro
781 2166 965 2203 auctore
1003 2175 1085 2217 pro
1126 2166 1250 2203 certo
1283 2160 1502 2202 habemus
1534 2160 1581 2201 in
1615 2159 1850 2201 Thessalia

142 2230 270 2274 illam
321 2247 553 2290 pugnasse
606 2233 934 2288 commissaque
987 2232 1167 2274 denium
1221 2246 1379 2287 pugna
1430 2235 1610 2287 raptam
1657 2245 1755 2272 esse
1800 2230 1847 2272 in

141 2302 368 2360 Libyam?
407 2304 665 2347 Concedam
687 2303 828 2346 fuisse
849 2309 1043 2360 raptam,
1066 2303 1313 2359 respondet
1331 2301 1620 2358 Cyrenensis,
1644 2305 1848 2343 attamen

144 2374 201 2417 de
230 2375 332 2432 ipso
364 2390 550 2432 pugnae
580 2376 680 2418 loco
714 2375 952 2417 confidatis
986 2374 1167 2416 conscio
1200 2373 1313 2415 mihi
1346 2373 1401 2415 de
1433 2371 1568 2415 rebus
1591 2377 1726 2414 antea
1746 2372 1848 2429 ipsa

140 2445 192 2488 in
222 2447 376 2503 patria
406 2447 550 2504 gestis
582 2461 743 2503 meque
776 2445 1030 2502 sequamini
1062 2450 1243 2498 testem,
1276 2444 1353 2500 qui
1376 2458 1518 2500 prope
1540 2443 1688 2499 ipsam
1711 2449 1846 2485 natus

142 2516 228 2560 sim
278 2518 579 2575 Myrtussam,
639 2532 775 2574 quam
828 2516 1076 2559 celebravit
1129 2516 1236 2559 olim
1284 2514 1410 2557 iubis
1461 2529 1588 2557 meae
1640 2513 1847 2570 nympha

138 2589 363 2633 tutelaris.

286 2661 380 2717 „At
431 2665 626 2718 quantas
678 2661 753 2703 hic
800 2659 1028 2702 delabitur
1074 2658 1271 2714 ineptias
1325 2661 1464 2714 poeta
1510 2655 1843 2709 celeberrimus,

140 2731 313 2789 quippe
345 2733 424 2789 qui
455 2737 744 2790 pugnantem
764 2731 904 2774 faciat
926 2730 1153 2787 virginem
1174 2729 1222 2771 in
1244 2728 1408 2784 Libya,
1441 2732 1685 2784 postquam
1707 2725 1843 2782 paulo

140 2807 249 2845 ante
280 2817 308 2846 a
337 2803 423 2847 deo
454 2804 648 2861 gravida
680 2808 751 2846 est
782 2798 952 2846 facta“:
998 2802 1062 2844 sic
1093 2800 1228 2843 unius
1260 2799 1450 2842 rationis
1483 2797 1680 2855 patroni.
1736 2796 1843 2848 Qui-

139 2887 332 2930 cumque
377 2878 534 2918 tamen
578 2875 663 2918 tali
710 2875 845 2918 modo
891 2873 1078 2927 iudicat,
1125 2886 1218 2914 non
1262 2870 1372 2913 satis
1417 2885 1514 2912 sese
1554 2868 1842 2926 perspexisse

139 2944 424 2988 demonstrat
467 2947 708 3002 rationem,
757 2960 846 3002 qua
892 2944 978 2987 hoc
1025 2944 1073 2986 in
1115 2942 1289 2999 hymno
1326 2955 1398 2984 res
1437 2941 1553 2984 solet
1591 2940 1841 2996 depingere
