2148 3434
995 119 1287 161 -26-

493 238 647 293 Ἴδμων
679 238 722 278 δ’
741 235 931 285 ὑστάτιος
961 239 1189 288 μετεκίαθε
1220 235 1340 279 ὅσσοι
1370 236 1518 280 ἔναιον

491 309 647 362 Ἀργος
665 339 674 349 .
694 339 704 349 .
725 339 734 349 .
756 304 807 350 οὗ
836 310 917 362 μὲν
948 307 1010 359 ὅγ’
1042 305 1093 362 ἦν
1112 306 1321 361 Ἀβαντος
1351 305 1570 362 ἐτήτυμον,

504 376 618 422 ἀλλά
648 394 722 433 μιν
754 375 883 426 αἷντός
907 412 915 420 .
937 412 945 420 .
967 412 975 420 .
993 382 1163 429 γείνατο
1194 375 1461 434 Λητοΐδης3)

432 450 616 492 Maioris
650 455 804 490 tamen
837 455 907 491 est
938 448 1172 503 momenti,
1206 448 1328 505 quod
1348 449 1441 491 iam
1461 448 1741 504 Herodorus,
1772 448 1998 506 Brysonis

292 520 524 577 sophistae
572 524 716 576 pater,
766 535 788 561 e
836 520 964 562 cuius
1011 519 1207 575 dialogis
1255 519 1497 562 Platonem
1542 519 1689 563 multa
1729 519 2000 565 fabulantur

291 592 494 633 hausisse
520 590 706 641 &Athen
732 605 774 646 p.
799 590 885 633 508
909 590 970 645 d),
994 590 1072 646 qui
1095 590 1279 646 quidem
1301 590 1451 633 medio
1474 590 1637 647 quinto
1658 591 1779 634 vixit
1802 591 1997 650 saeculo,

291 663 525 705 Idmonem
573 661 771 704 Abantis
818 662 962 704 filium
1011 662 1194 704 novisse
1236 666 1448 718 apparet:
1497 662 1560 704 ὄπ
1598 662 1647 705 δὲ
1665 663 1878 717 ’Ἄβαντος
1907 660 2000 714 υἱὸς

291 734 447 788 Ἴδμων
479 736 579 788 ([ησὶ
611 736 681 774 καὶ
706 731 948 787 Ἡρόδωρος
981 733 1151 784 (Schol.
1175 732 1328 790 Apoll.
1351 732 1441 776 Rh.
1465 732 1489 775 I
1514 733 1630 786 139).

432 805 592 847 Idmon
634 805 776 859 igitur
812 804 1012 847 Abantis
1051 804 1171 847 filius
1211 804 1469 861 antiquiore
1506 804 1640 848 nobis
1678 808 1889 848 servatus
1927 807 1998 849 est

291 876 567 917 testimonio.
637 876 882 918 vertamur
929 877 1020 918 iam
1067 877 1115 918 in
1162 876 1364 919 eiusdem
1402 876 1614 933 patriam,
1653 875 1999 920 celeberrimum

290 947 400 988 illud
449 947 706 988 Danaidum
754 948 1107 1003 receptaculum,
1157 962 1348 1004 quarum
1395 951 1589 990 stemma
1634 946 1768 990 nobis
1806 946 1998 1005 praebet

291 1017 597 1074 Apollodorus
630 1018 767 1069 (Bibl.
792 1018 838 1059 ΙΙ
866 1021 902 1073 1,
927 1019 973 1071 5;
997 1019 1037 1073 2,
1064 1019 1121 1070 1).

434 1090 547 1131 Ecce
582 1089 627 1130 in
661 1089 745 1131 hoc
779 1095 1019 1132 stemmate
1058 1089 1189 1132 nobis
1228 1089 1413 1132 obviam
1450 1089 1504 1132 fit
1539 1089 1617 1132 ille
1648 1088 1790 1146 Abas,
1822 1088 1999 1147 Lyncei

290 1167 335 1201 et
360 1161 749 1216 Hypermnestrae
772 1161 892 1204 filius
917 1161 981 1210 (ΙΙ
1000 1161 1040 1215 2,
1069 1164 1105 1216 1,
1134 1162 1188 1212 1).
1227 1160 1404 1203 Abanti
1421 1161 1631 1218 quamvis
1648 1160 1697 1203 in
1713 1159 1997 1218 Apollodoro

291 1232 379 1273 filia
419 1239 599 1274 tantum
639 1232 871 1286 tribuitur,
915 1232 1133 1275 Idomene
1173 1230 1435 1288 (Εἰδομενή),
1491 1237 1646 1275 tamen
1684 1231 1814 1275 vides
1858 1230 1999 1276 etiam

291 1302 466 1345 Idmoni
507 1303 767 1345 Abantidae
807 1304 1031 1360 aptiorem
1071 1319 1163 1347 non
1201 1318 1336 1360 posse
1373 1304 1572 1347 inveniri
1612 1317 1827 1360 sororem,
1860 1317 1998 1360 quam

291 1374 410 1415 illum
436 1375 682 1430 virginem:
715 1381 958 1431 utrumque
982 1376 1103 1423 enim
1126 1390 1292 1418 nomen
1315 1375 1551 1418 derivatur
1572 1375 1629 1418 de
1651 1375 1810 1418 eadem
1829 1374 1997 1431 radice,

290 1445 359 1485 ‹·ni
396 1445 510 1486 inest
537 1446 605 1487 vis
628 1447 814 1501 sciendi,
838 1447 1178 1503 praesagiendi:
1212 1447 1376 1490 Idmon
1398 1447 1497 1504 ipse
1519 1451 1650 1490 vates
1673 1451 1756 1502 est,
1778 1445 1997 1490 Idomene

290 1522 434 1558 maier
474 1517 786 1574 Melampodis,
826 1519 1064 1560 clarissimi
1103 1519 1237 1561 vatis.
1307 1518 1466 1574 Neque
1507 1523 1678 1561 temere
1715 1517 1824 1561 huic
1859 1521 1998 1561 stem-

291 1589 398 1629 mati
434 1603 458 1629 a
492 1588 622 1630 nobis
656 1590 793 1631 inseri
822 1590 1060 1633 Idmoncm
1095 1605 1148 1632 ex
1184 1604 1236 1632 eo
1269 1589 1572 1646 intellegitur,
1606 1589 1728 1646 quod
1758 1589 1807 1632 in
1838 1588 1998 1632 eadem

289 1660 555 1715 genealogia
593 1675 638 1701 re
673 1675 779 1703 vera
812 1662 928 1703 alter
959 1666 1112 1703 exstat
1145 1661 1321 1715 Idmon,
1355 1661 1565 1717 Aegypti
1587 1660 1722 1714 filius,
1745 1660 1825 1717 qui
1846 1659 1998 1703 Danai

290 1731 425 1771 filiam
452 1731 696 1786 Pylargmn
721 1732 766 1773 in
791 1732 1132 1774 matrimonium
1156 1732 1282 1774 ducit
1305 1732 1371 1783 (II
1399 1734 1435 1787 1,
1458 1733 1499 1787 5,
1523 1732 1582 1783 8).
1616 1731 1836 1774 Videmus
1853 1730 1998 1788 igitur

289 1802 527 1843 artissimis
561 1803 755 1846 vinculis
790 1804 934 1845 teum-i
969 1804 1123 1845 hocin
1151 1809 1391 1846 stemmate
1415 1803 1673 1856 Idmonem3
1706 1802 1833 1845 nulla
1853 1802 1998 1860 igitur

291 1873 419 1914 nobis
459 1874 586 1915 dcest
626 1875 712 1916 uisi
752 1881 909 1916 mater.
976 1875 1155 1931 Hygini
1204 1875 1328 1917 illam
1379 1871 1634 1931 ,Cyrenam‘
1673 1888 1783 1917 sane
1823 1872 1997 1918 frustra

289 1945 485 1998 quaeris:
521 1951 737 1999 attamen,
771 1947 806 1987 si
842 1946 1040 1988 animum
1076 1947 1268 1988 verteris
1292 1946 1347 1988 ad
1370 1946 1482 1988 illud
1506 1945 1767 1988 Danaidum
1787 1948 1994 2001 stemma,
2045 1961 2053 1968 ·

289 2016 408 2070 quod
445 2016 560 2057 idem
596 2017 811 2072 Hyginus
847 2017 978 2059 uobis
1012 2018 1202 2059 tradidit
1237 2017 1346 2068 (fab.
1372 2017 1548 2059 CLXX
1581 2015 1717 2060 Schn.
1741 2031 1786 2074 p.
1809 2016 1881 2072 33,
1904 2015 1994 2072 20),

291 2086 360 2127 lm·
395 2088 598 2129 inm-nm
635 2089 859 2143 Pyrenam
895 2089 976 2130 ‹sic
1009 2094 1130 2131 recte
1165 2089 1312 2140 codd.)
1347 2088 1589 2145 quandam,
1628 2093 1766 2144 atque
1803 2086 1995 2140 eandem

290 2159 413 2199 novit
452 2159 585 2200 ctiam
621 2159 646 2200 l.
673 2160 698 2200 l.
724 2160 767 2201 ll
797 2162 833 2214 1,
858 2161 898 2214 ι’),
922 2161 949 2200 5
982 2160 1252 2216 Apollodori
1291 2159 1569 2203 bibliotheca
1590 2161 1768 2202 mutato
1790 2158 1995 2215 aliquan-

291 2229 434 2270 tulum
471 2231 671 2272 nominc:
710 2230 901 2286 Πειρήνη.
967 2232 1121 2287 Atque
1154 2232 1350 2274 coniciat
1383 2231 1611 2287 quispiam
1644 2230 1692 2272 in
1722 2229 1995 2286 Apollodori

291 2302 547 2342 nai-rationo
605 2301 786 2357 Πειρήνη
838 2308 1102 2359 corruptum
1156 2318 1253 2345 csse
1301 2319 1324 2345 e
1374 2301 1547 2358 Πυρήνη
1593 2301 1747 2357 (quam
1797 2298 1994 2344 formam

290 2372 469 2413 ndhilwt
513 2372 760 2427 Hyginus),
795 2389 908 2429 quac
943 2380 1095 2416 tamen
1125 2375 1387 2416 coniectura
1415 2372 1529 2415 mihi
1551 2371 1774 2415 infirmior
1795 2370 1992 2428 videtur,

290 2444 392 2497 qnia
431 2444 561 2485 niinis
595 2445 775 2486 diversa
809 2452 916 2486 sunt
949 2445 1219 2502 Apollodori
1259 2450 1305 2487 et
1344 2443 1523 2501 Hygini
1561 2446 1817 2497 stemmata,
1857 2456 1995 2499 quam

290 2529 403 2568 quau·
440 2516 613 2569 possint
647 2516 699 2556 ad
736 2514 926 2558 cundem
952 2517 1105 2558 reduci
1129 2517 1318 2559 fontem.
1383 2515 1545 2571 Itaque
1576 2513 1746 2556 erravit
1778 2513 1993 2570 Buntius‚

434 2667 440 2685 ¹
486 2668 532 2699 vs.
550 2667 673 2700 schol.
693 2667 801 2701 l'ind.
821 2667 1060 2712 Pytnlvssss.
1081 2667 1217 2702 Idmon
1234 2667 1273 2701 in
1288 2665 1668 2710 iisArgonautarum
1684 2664 1992 2710 narrationibus,

290 2733 393 2767 qusu-
422 2725 532 2757 nobis
560 2730 649 2759 sunt
676 2730 869 2762 servatae.
904 2727 980 2761 inin
1014 2730 1107 2761 ante
1145 2725 1470 2771 Argonautarum
1508 2722 1734 2759 Colchidem
1772 2723 1993 2759 adventum

292 2784 471 2820 moritur:
500 2785 535 2817 in
566 2784 793 2829 Naupactus
822 2791 859 2819 ot
887 2786 923 2819 iu
955 2785 1115 2820 Eumelo
1142 2784 1344 2819 Idmonem
1375 2792 1466 2817 cum
1485 2782 1627 2817 ceteris
1645 2780 1832 2818 Colchide
1850 2781 1992 2819 adesse

291 2847 486 2875 instantiu-
505 2843 620 2875 schol.
641 2844 712 2888 Ap.
734 2844 802 2877 κὴ.
820 2844 871 2878 111
894 2844 962 2879 523
981 2848 1020 2879 et
1039 2843 1141 2879 1372.
1172 2842 1301 2878 Huius
1318 2846 1451 2877 tamen
1471 2841 1601 2876 herois
1618 2841 1873 2886 sepulchrum
1891 2840 1993 2878 cole·
2029 2880 2031 2883 ,

294 2901 385 2934 bant
403 2900 617 2935 norm-lone
636 2902 832 2945 Ponticae,
853 2903 958 2948 quod
975 2906 1141 2949 apparet
1155 2911 1207 2937 ex
1221 2901 1414 2936 Herodoti
1435 2900 1741 2944 narrationibus,
1760 2900 1828 2946 qui
1841 2899 1992 2937 scilieet
2027 2905 2029 2909 “

290 2969 337 2991 vx
369 2959 484 2992 liuius
514 2961 621 2993 urbis
650 2961 864 2996 incolarum
893 2962 1098 2996 sententiis
1123 2970 1216 2996 suos
1234 2963 1509 3005 composuerat
1528 2958 1648 2993 libros
1669 2959 1733 3003 (cf.
1753 2958 1872 2995 schol.
1891 2957 1990 3003 lom).
2013 2993 2015 2998 ,
2083 2965 2087 2971 ’
