2148 3434
227 931 350 995 Cum
391 950 438 991 in
478 949 736 991 admirabili
774 950 828 991 de
868 949 1169 1004 ‚Orchomeno
1208 946 1483 1006 Minyisque‘
1524 948 1640 991 libro
1675 949 1794 991 Odo-

83 1021 239 1064 fredus
286 1021 505 1063 Miillerus
554 1021 727 1077 primus
776 1020 974 1063 dilucida
1011 1020 1102 1075 illa,
1151 1035 1288 1077 quam
1327 1021 1374 1062 in
1414 1036 1466 1063 eo
1506 1020 1792 1076 suspicimus,

84 1092 172 1135 viri
203 1107 311 1135 vere
342 1092 550 1135 historici
583 1092 869 1134 divinatione
903 1092 1042 1134 etiam
1075 1092 1130 1134 de
1163 1092 1446 1148 Cyrenarum
1476 1091 1601 1134 urbis
1624 1091 1793 1133 incola-

82 1177 274 1219 rumque
306 1162 596 1205 incunabulis
630 1163 770 1204 verba
801 1162 1000 1216 fecisset,
1035 1163 1182 1205 eidem
1214 1163 1317 1205 urbi
1349 1163 1552 1219 Libycae
1584 1162 1792 1218 contigit,

82 1239 136 1277 ut
166 1235 329 1277 iterum
362 1234 668 1277 celebraretur
701 1234 942 1290 sagacibus
975 1234 1207 1277 Francisci
1231 1234 1540 1277 Studniczkae
1573 1234 1792 1287 studiis¹)‚

84 1305 163 1362 qui
194 1306 266 1348 vir
298 1306 589 1348 doctissimus
622 1310 770 1348 totam
802 1320 897 1347 rem
928 1305 1076 1348 denuo
1100 1306 1319 1348 tractavit
1342 1310 1479 1361 atque
1503 1306 1558 1348 de
1581 1304 1792 1348 omnibus

83 1376 180 1420 fere
210 1377 338 1420 urbis
370 1377 600 1420 nascentis
634 1376 832 1419 fortunis
865 1377 1050 1419 uberius
1083 1377 1311 1419 disseruit.

226 1448 381 1504 Atque
428 1448 502 1490 hic
550 1448 734 1504 quidem
781 1448 925 1490 totius
974 1448 1301 1504 disputationis
1350 1448 1490 1490 sumit
1537 1447 1720 1489 initium
1768 1461 1794 1488 a

84 1519 324 1576 splendida
370 1519 567 1575 quadam
615 1519 889 1573 coniectura,
939 1534 1027 1575 qua
1075 1520 1308 1575 antiquius
1357 1519 1586 1575 quoddam
1633 1533 1793 1561 monu-

83 1595 303 1645 mentum,
336 1605 499 1647 parum
532 1595 668 1632 antea
699 1591 1000 1645 intellectum,
1035 1591 1368 1647 Cyrenensium
1391 1590 1566 1633 nomini
1588 1596 1793 1632 nostrae-

84 1676 172 1718 que
218 1662 418 1705 reddidit
465 1662 697 1705 scientiae.
777 1662 1019 1719 Olympiae
1065 1663 1199 1717 enim,
1241 1677 1330 1718 quo
1363 1662 1469 1704 inde
1502 1676 1557 1704 ex
1591 1662 1792 1718 antiquis

82 1733 384 1789 temporibus,
417 1739 469 1776 ut
501 1733 645 1776 festos
677 1733 774 1776 dies
807 1739 999 1790 agerent
1047 1734 1341 1776 celeberrimo
1391 1734 1594 1776 omnium
1633 1733 1794 1775 civita-

82 1808 182 1846 tum
221 1809 467 1860 conventu,
507 1805 645 1847 etiam
683 1805 981 1847 remotiorum
1019 1806 1260 1861 regionum
1293 1805 1585 1848 confluebant
1617 1805 1793 1846 incolae

83 1875 261 1931 Graeci,
308 1876 548 1919 thesauros
597 1880 831 1918 exstruere
880 1876 1103 1931 solebant,
1149 1877 1239 1933 qui,
1288 1881 1340 1918 ut
1378 1876 1469 1918 iam
1509 1876 1792 1918 extrinsecus

83 1946 400 2003 spectantibus
452 1947 808 2003 uniuscuiusque
860 1948 1064 1990 civitatis
1112 1948 1242 2004 quasi
1294 1952 1451 1990 notam
1504 1946 1792 2003 praeberent,

83 2017 365 2061 ornabantur
398 2019 692 2073 ornamentis,
727 2033 841 2074 quae
874 2019 930 2060 ad
963 2019 1180 2062 maiorem
1204 2019 1301 2061 sive
1323 2018 1449 2061 urbis
1473 2019 1569 2060 sive
1591 2018 1792 2061 numinis

82 2089 292 2132 tutelaris
339 2089 535 2145 gloriam
581 2089 891 2146 pertinebant.
970 2090 1129 2145 Neque
1176 2089 1377 2133 defuisse
1424 2090 1470 2131 in
1511 2104 1563 2132 eo
1601 2104 1791 2132 numero

84 2159 417 2216 Cyrenensium
450 2160 687 2202 civitatem
719 2159 936 2216 probavit
975 2160 1270 2214 Studniczka,
1321 2161 1398 2217 qui
1437 2161 1639 2203 collectis
1678 2160 1792 2217 lapi-

83 2231 191 2274 dum
224 2232 520 2274 calcariorum
552 2231 757 2287 reliquiis
791 2231 966 2287 optimo
1000 2231 1097 2274 iure
1136 2232 1343 2286 coniecit,
1385 2231 1511 2275 urbis
1549 2238 1791 2289 patronam

82 2317 186 2346 cum
232 2303 363 2346 leone
411 2302 705 2345 dimicantem
751 2302 798 2344 in
842 2302 1174 2358 Cyrenensium
1217 2303 1432 2346 thesauro
1481 2303 1623 2346 fuisse
1666 2302 1792 2346 effic-

82 2374 230 2426 tam2).
316 2374 450 2416 Hanc
498 2374 960 2430 argumentationem,
1009 2374 1081 2416 cui
1128 2373 1244 2416 nihil
1276 2374 1460 2417 videtur
1508 2374 1626 2429 addi,
1675 2374 1791 2416 nihil

83 2445 222 2488 adimi
261 2460 410 2502 posse,
448 2445 693 2501 principali
731 2444 816 2487 hoc
854 2445 953 2487 loco
987 2445 1249 2501 praedicare
1282 2450 1418 2501 atque
1456 2446 1641 2488 laudare
1679 2446 1790 2488 satis

82 2515 317 2560 habemus.

225 2586 447 2630 Attamen
479 2602 572 2630 non
605 2587 858 2643 simplicem
891 2586 1143 2643 nympham
1176 2586 1294 2630 hanc
1327 2602 1425 2630 esse
1448 2588 1702 2645 putandam
1724 2588 1790 2631 iu-

84 2656 257 2700 dicavit
288 2658 584 2714 Studniczka‚
617 2659 697 2701 sed
729 2673 944 2714 magnam
967 2658 1247 2702 Graecorum
1269 2659 1636 2715 antiquissimam
1658 2660 1790 2702 deam

83 2728 178 2771 illic
208 2743 427 2786 apparere
459 2730 547 2773 sibi
577 2730 818 2787 persuasit.
883 2731 1014 2772 Hanc
1047 2730 1302 2786 antiquitus
1333 2730 1517 2787 Minyas
1548 2735 1791 2774 veneratos

228 2878 256 2923 ¹)
292 2878 477 2924 ‚Kyrene.
527 2880 626 2916 Eine
664 2880 969 2927 altgriechische
1008 2880 1166 2916 Gottins
1222 2879 1329 2927 Lips.
1358 2881 1460 2917 1890.
1518 2880 1562 2916 In
1602 2881 1790 2917 Roscheri

84 2936 128 2972 L.
147 2936 196 2973 M.
214 2946 244 2972 ε.
265 2948 303 2974 v.
328 2937 526 2983 ‚Kyrene‘.

227 2994 257 3040 ²)
294 2995 457 3042 Kyrene
482 3009 519 3044 p.
537 2997 583 3034 28
601 3008 685 3044 sqq.
