2148 3434
979 118 1275 161 -18-

278 257 433 284 versus
467 252 601 295 atque
636 237 883 280 audiebant
915 237 970 279 de
1003 235 1242 279 notissimo
1278 235 1511 292 nymphae
1543 235 1717 292 proelio
1750 235 1808 278 ad
1839 249 1983 292 suam,

279 327 411 368 quam
446 309 723 362 accolebant,
757 309 1038 364 Myrtussam
1071 306 1301 363 quondam
1334 306 1588 361 commisso,
1622 306 1818 350 sensisse
1849 320 1984 364 quas-

278 384 379 424 dam
430 380 707 422 intercedere
760 378 1082 420 similitudines
1136 377 1258 419 inter
1309 376 1544 433 nymphae
1595 391 1800 434 pugnam
1845 382 1985 435 atque

279 453 522 496 Berenicae
570 450 681 493 illud
715 450 907 504 facinus,
956 449 1092 504 quod,
1132 448 1239 504 quia
1270 447 1408 503 paulo
1441 451 1549 490 ante
1581 447 1808 491 excitarat
1837 447 1985 492 homi-

279 539 385 566 num
419 523 605 574 animos,
639 522 683 562 in
719 521 920 563 omnium
952 518 1173 561 haerebat
1203 517 1434 560 memoria.
1498 518 1554 560 In
1577 518 1839 562 divinandis
1859 518 1985 563 hisce

280 591 655 636 similitudinibus
689 599 735 632 et
767 591 856 647 ipsi
891 595 1054 646 poetae
1086 595 1133 632 et
1164 589 1324 631 lectori
1356 588 1577 644 quasdam
1607 589 1802 633 infuisse
1821 590 1986 648 volup—

280 675 396 707 tates
429 663 620 719 cogitari
656 667 822 718 potest.
885 661 1083 703 Istamm
1116 666 1271 703 tamen
1302 660 1597 716 voluptatum
1632 659 1900 717 blanditiae,
1931 665 1987 704 ut

279 743 465 793 possent
498 735 543 776 in
576 733 828 789 legentium
861 732 1024 774 animis
1058 731 1262 785 excitari,
1295 745 1480 774 necesse
1513 735 1611 774 erat
1644 755 1699 760 —
1730 736 1785 775 ut
1814 731 1908 774 iam
1927 731 1986 775 ad

280 806 549 860 gravissima
594 803 888 846 ascendamus
924 826 977 832 —
1026 802 1169 845 infixa
1200 806 1321 845 esset
1359 801 1542 858 alteque
1572 801 1782 846 haereret
1811 802 1861 846 in
1892 816 1987 846 om·

281 878 418 930 nium,
452 877 528 932 qui
561 876 792 931 legebant,
838 874 1002 917 animis
1035 889 1191 916 earum
1222 888 1374 916 rerum
1406 873 1575 916 notitia
1605 896 1664 903 -
1695 873 1724 916 i.
1757 888 1794 917 e.
1827 887 1997 933 pugna·

280 949 334 990 ad
368 948 645 1003 Myrtussam
692 946 932 989 commissa
965 969 1019 974 —
1068 945 1233 1001 quibus
1281 949 1602 987 annecteretur
1646 945 1865 988 similium
1893 959 1988 989 me-

280 1019 432 1062 moria.
498 1017 801 1060 Callimachus
834 1017 992 1073 igitur,
1027 1017 1104 1073 qui
1138 1015 1422 1073 simplicibus
1445 1015 1599 1059 verbis
1627 1016 1684 1059 ad
1705 1016 1988 1074 Myrtussam

281 1091 515 1132 dimicasse.
549 1089 801 1145 nympham
833 1089 990 1143 tradit,
1038 1094 1091 1130 ut
1123 1088 1188 1130 nil
1227 1088 1337 1131 novi
1369 1087 1632 1144 legentibus
1664 1087 1889 1144 attulisse,
1919 1087 1990 1132 ita

280 1161 334 1202 de
367 1160 602 1202 notissima
637 1160 830 1215 quadam
864 1159 1021 1202 fabula
1054 1159 1340 1215 Cyrenenses
1372 1159 1605 1202 monuisse
1636 1158 1870 1216 putandus
1901 1163 1987 1203 est.

280 1234 421 1274 Poeta
453 1232 608 1286 igitur,
657 1237 708 1272 ut
740 1231 876 1287 plane
909 1231 1126 1284 dicamus,
1170 1231 1226 1273 de
1257 1230 1494 1286 Myrtussa
1525 1230 1806 1287 significans,
1837 1244 1989 1288 neque

281 1318 369 1344 nox
375 1317 443 1343 am
479 1317 623 1358 neque
657 1301 896 1344 obscuram
928 1301 1064 1344 affert
1096 1301 1315 1356 fabulam,
1349 1301 1429 1344 sed
1460 1301 1794 1358 Cyrenensium
1824 1301 1990 1346 animis

282 1374 562 1415 iauiiliaiem.
619 1370 889 1428 Ἀμάρτυρον
921 1370 1047 1415 οὐδὲν
1080 1370 1211 1415 ἀείδει
1243 1372 1532 1429 testibusque
1564 1373 1713 1416 utitur
1742 1373 1829 1417 hac
1859 1373 1910 1416 in
1938 1387 1990 1417 re

281 1445 479 1485 ciusdem
514 1444 652 1498 urbis,
686 1444 733 1486 in
767 1459 856 1500 qua
888 1445 986 1500 ipse
1016 1448 1143 1487 ortus
1167 1449 1249 1499 est,
1282 1444 1458 1499 incolis,
1493 1444 1571 1501 qui
1594 1444 1824 1501 quondam
1845 1459 1990 1502 puero

280 1520 592 1557 monstrarunt
637 1515 763 1557 illum
811 1515 974 1569 locum,
1024 1530 1113 1571 quo
1145 1515 1272 1557 urbis
1310 1530 1480 1558 numen
1511 1516 1709 1559 tutelare
1740 1516 1796 1559 de
1827 1515 1990 1573 primis

281 1586 456 1628 civibus
505 1586 748 1628 interfecto
796 1587 874 1629 illo
916 1592 1120 1629 monstro
1154 1587 1328 1643 optime
1360 1586 1574 1629 meritum
1606 1591 1717 1630 erat.
1780 1587 1991 1631 Leonum

283 1658 423 1713 igitur
470 1657 595 1699 arida
639 1658 796 1699 nutrix
843 1658 932 1700 iam
972 1664 1079 1700 ante
1118 1657 1386 1700 Callimachi
1433 1662 1644 1714 tempora
1690 1657 1830 1701 etiain
1866 1658 1991 1702 huno

281 1729 386 1770 tulit
419 1729 603 1770 leonem
628 1728 836 1785 hancque
874 1729 982 1771 tulit
1015 1729 1257 1785 virginem,
1306 1743 1422 1785 quae
1460 1729 1556 1771 eius
1588 1729 1683 1771 vim
1716 1729 1988 1773 sustinebat.

423 1800 642 1841 Attamen
676 1800 781 1842 inde
805 1814 886 1856 per
909 1815 1052 1843 annos
1086 1814 1137 1842 ac
1169 1800 1350 1842 saecula
1381 1800 1428 1842 in
1452 1800 1734 1856 antiquiores
1756 1800 1991 1858 Cyrenen-

283 1871 395 1912 sium
429 1871 717 1913 condiciones
763 1871 894 1913 nobis
925 1871 1383 1927 retrogradientibus‚
1432 1872 1644 1914 omniane
1681 1870 1847 1915 obruta
1881 1875 1992 1916 sunt

284 1942 415 1983 huius
466 1942 607 1984 lconis
656 1942 820 1998 Libyci
867 1942 1150 1998 puellaeque,
1200 1958 1315 1998 quae
1363 1943 1411 1985 in
1449 1942 1602 1999 Libya
1648 1957 1752 1986 cum
1797 1942 1990 2000 domuit,

285 2013 512 2067 vestigia?
575 2013 629 2054 In
664 2014 830 2055 litteris
863 2029 971 2055 sane
1004 2014 1131 2056 nulla
1163 2019 1349 2056 exstant
1378 2014 1657 2070 testimonia,
1691 2013 1814 2071 quod
1834 2018 1991 2058 tamen

285 2099 371 2124 non
408 2084 674 2126 mirandum.
740 2084 883 2136 Quem
907 2085 1027 2127 enirn
1051 2085 1321 2141 scriptorem
1343 2085 1399 2128 de
1422 2085 1599 2142 Libyca
1619 2085 1699 2128 illa
1719 2083 1990 2143 λεοντοφόνῳ

285 2166 493 2209 putemus
528 2170 732 2198 narrasse
766 2156 852 2198 nisi
885 2156 961 2212 qui
995 2156 1095 2212 ipsa
1123 2156 1169 2198 in
1192 2156 1304 2198 urbe
1327 2161 1463 2199 natus
1485 2156 1634 2200 esset?
1685 2155 1834 2213 Atqui
1853 2155 1992 2200 unius

285 2226 573 2279 syrma-usis,
623 2241 755 2282 quem
790 2232 896 2269 ante
930 2227 1261 2270 Callimachum
1305 2227 1361 2270 de
1393 2227 1530 2272 rebus
1560 2227 1725 2285 patriis
1755 2227 1991 2271 rettulisse

287 2297 385 2337 lico-t
438 2297 671 2352 suspicari,
721 2298 1064 2353 EugammoniS,
1113 2313 1170 2340 ne
1217 2313 1335 2341 unus
1369 2298 1554 2355 quidem
1587 2302 1739 2342 exstat
1769 2297 1989 2350 versusl')

288 2368 464 2408 Primus
499 2369 640 2423 igitur
687 2369 919 2425 nymphae
952 2369 1153 2425 Libycae
1192 2369 1480 2412 fortitudinis
1513 2383 1678 2426 praeco
1710 2383 1804 2412 non
1835 2373 1992 2426 potest

289 2439 479 2479 inveniri
515 2440 600 2480 nisi
634 2440 771 2482 tertio
805 2440 987 2482 demum
1021 2455 1059 2482 a.
1094 2440 1199 2482 Chr.
1234 2455 1277 2483 n.
1312 2440 1506 2483 saeculo.

427 2511 644 2551 Attamen
694 2510 770 2552 ubi
811 2511 948 2553 silent
986 2511 1184 2567 chartae,
1231 2512 1483 2568 loquuntur
1513 2510 1703 2568 lapides.
1764 2510 1828 2554 Et
1858 2514 1991 2555 sexto

289 2580 373 2620 iam
420 2581 597 2622 sacculo
632 2582 833 2637 viguisse
881 2583 925 2624 in
961 2583 1293 2638 Cyrenensium
1340 2581 1504 2624 animis
1538 2580 1674 2625 huius
1705 2581 1992 2638 λεοντοφόνου

287 2651 491 2704 gloriam,
525 2653 721 2694 maximo
755 2659 825 2694 est
857 2654 1123 2697 testimonio
1146 2653 1261 2696 illud
1282 2657 1630 2696 monumentum
1654 2652 1990 2710 olympiacum,

289 2722 406 2776 quod
456 2722 515 2763 ibi
551 2723 882 2778 Cyrenensium
932 2724 1147 2768 thesauro
1195 2724 1337 2767 fuisse
1384 2723 1575 2766 affixum
1622 2723 1722 2781 ipse
1753 2723 1992 2782 perspexit

290 2792 580 2834 Studniczka.

432 2903 455 2943 ¹)
495 2903 657 2937 Accedit
695 2903 921 2950 Aristippus
960 2903 1218 2950 philosophus
1254 2901 1506 2949 Cyrenensis,
1544 2903 1594 2940 de
1632 2904 1748 2940 ouius
1779 2905 1915 2941 tamen
1939 2902 1993 2941 de

291 2957 416 3003 Libya
444 2960 553 2994 libris
580 2962 673 2996 nihil
701 2968 855 2997 constat
880 2963 1013 3010 (Diog.
1032 2962 1164 2998 Laert.
1182 2961 1220 2997 II
1238 2961 1310 3006 83).
2028 3000 2032 3002 ,

1933 3163 1943 3188 3
2101 2981 2121 3236 ξ
