2148 3434
874 129 1164 169 —11-

306 243 347 287 5.
395 242 655 286 Annectam
688 244 743 286 de
775 244 911 286 huius
944 245 1017 287 dci
1049 245 1360 300 veneratione,
1401 246 1526 287 nullo
1561 245 1658 288 loco
1692 246 1871 288 maiori·-

162 314 250 359 bus
281 315 456 358 cultum
489 329 586 357 esse
618 314 881 358 Aristaeum
921 316 1170 359 honoribus
1210 331 1346 372 quam
1379 317 1425 359 in
1459 317 1609 359 insula
1641 316 1743 370 Cea,
1792 315 1870 358 ubi

163 385 584 444 splendidissimum
619 386 714 428 eius
736 387 960 443 templum
989 402 1132 443 prope
1155 387 1426 430 Carthaeam
1451 388 1588 429 situm
1612 387 1700 429 luci
1724 387 1871 429 reddi-

163 456 234 501 dit
263 456 674 508 Brondstedtius¹).
738 457 894 514 Atque
927 473 1061 514 quem
1094 459 1150 500 ad
1182 458 1319 501 finem
1343 459 1406 501 ibi
1430 464 1705 501 venerentur
1736 458 1870 501 deum

162 527 324 572 mitem
354 527 544 582 incolae,
577 528 720 571 refert
751 528 937 571 uberius
970 529 1090 571 idem
1124 530 1397 586 Apollonius
1431 530 1476 581 (l.
1512 530 1573 583 1.),
1614 545 1747 585 quem
1780 530 1872 571 He-

164 599 366 644 siodeam
400 599 572 641 Eoeam
619 604 826 642 secutum
874 615 972 642 esse
1004 601 1078 642 vel
1126 601 1226 642 aliis
1260 601 1479 643 evicimus
1518 601 1792 642 testimoniis
1826 609 1868 642 et

164 670 361 727 amplius
408 669 771 726 explanabimus,
819 670 898 713 ubi
936 671 992 713 de
1025 671 1231 727 Cyrenae
1280 687 1381 714 cum
1431 673 1560 714 leone
1598 686 1754 728 pugna
1786 672 1869 713 erit

164 740 506 798 disputandum.
571 741 833 784 Secundum
881 742 976 784 eius
1025 743 1334 785 narrationem
1374 759 1396 783 e
1431 742 1666 784 Thessalia
1704 743 1871 798 migrat

165 811 304 856 Ceam
335 811 591 867 Aristaeus,
624 817 676 855 ut
707 813 773 855 ibi
796 813 904 856 Sirii
938 814 1167 856 fervorem
1201 820 1467 870 aestumque
1501 815 1654 856 leniat.
1720 815 1872 869 Atque

163 897 214 927 re
244 897 355 927 vera
385 883 475 926 iam
510 888 618 926 ante
646 883 946 940 Apollonium
981 885 1102 927 viros
1134 884 1407 940 μυθολόγους
1439 886 1493 927 de
1526 885 1649 927 hisce
1672 885 1872 927 Aristaei

163 953 302 998 rebus
335 953 450 998 bene
482 954 627 1012 gestis
658 956 892 998 rettulisse
931 961 1129 997 testatur
1161 955 1508 1012 Theophrastus
1548 956 1654 1012 (frg.
1689 956 1729 997 V
1762 972 1797 998 c.
1832 956 1872 1008 2,

167 1026 225 1070 14
245 1024 359 1080 W.:)
423 1028 461 1068 εἰ
499 1026 546 1068 δὲ
594 1028 686 1068 ποτ’
732 1027 927 1078 ἐξέλιπον
975 1027 1054 1079 (sc.
1102 1026 1281 1083 ἐτησίαι)
1327 1030 1398 1069 καὶ
1436 1024 1673 1080 Ἀρισιατος
1720 1024 1875 1075 αὐτοὺς

135 1107 137 1110 “
165 1095 451 1141 ἀνεκαλέσατο
483 1096 627 1147 θύσας
658 1097 733 1147 τὰς
762 1098 808 1140 ἐν
832 1101 924 1154 Κέῳ
957 1101 1115 1146 θυσίας
1148 1100 1203 1155 τῷ
1226 1100 1295 1140 Διὶ
1326 1096 1530 1151 καθάπερ
1561 1099 1873 1152 μυθολογοῦσι,

166 1167 391 1224 κατόμβρα
423 1186 460 1211 κ.
478 1185 512 1211 τ.
531 1170 568 1212 λ.

310 1275 409 1318 Iam
443 1275 840 1318 considerantibus

313 1372 350 1413 1.
395 1370 609 1414 Aristaeo
643 1386 735 1414 non
768 1386 866 1413 esse
898 1371 1043 1412 filium
1076 1371 1163 1413 nisi
1196 1371 1491 1424 Actaeonem,
1623 1422 1628 1428 .

311 1442 350 1484 2.
399 1442 648 1485 Actaeonis
696 1442 795 1485 fata
841 1448 1149 1498 congruenter
1196 1443 1396 1484 enarrari
1444 1442 1500 1484 ab
1539 1440 1875 1497 antiquioribus

166 1512 379 1568 testibus,
413 1513 578 1569 quibus
612 1514 763 1570 aptior
795 1513 899 1555 fons
932 1528 1024 1556 non
1056 1518 1211 1569 potest
1245 1514 1442 1555 inveniri
1475 1527 1610 1569 quam
1633 1513 1875 1565 Hesiodus,

311 1584 352 1627 3.
399 1584 448 1626 in
479 1585 593 1641 ipsis
627 1584 905 1627 carminibus
928 1584 1168 1627 Hesiodeis
1201 1599 1293 1627 non
1326 1599 1458 1640 posse
1492 1585 1644 1640 aptius
1678 1584 1877 1626 enarrari

168 1654 254 1698 filii
283 1669 356 1698 res
388 1656 478 1699 nisi
511 1671 612 1699 cum
645 1656 791 1713 patris
839 1656 947 1698 fatis
981 1656 1246 1699 coniunctas
1295 1657 1412 1698 sicut
1460 1670 1638 1712 semper
1670 1655 1715 1697 in
1748 1655 1878 1697 testi-

168 1726 335 1770 moniis
367 1728 674 1784 posteriorum
707 1725 783 1782 (cf.
817 1727 952 1770 Diod.
986 1727 1053 1770 IV
1087 1727 1176 1782 82),

312 1799 561 1842 verisimile
592 1799 646 1841 fit
678 1798 880 1842 Aristaei
909 1799 1247 1854 Actaeonisque
1294 1814 1365 1840 res
1413 1804 1566 1854 gestas
1599 1797 1878 1840 coniunctim

170 1868 364 1933 infuisse
395 1870 445 1912 in
476 1870 576 1925 hac,
611 1885 748 1926 quam
780 1875 1044 1924 tractamus,
1078 1870 1214 1912 Eoea.

315 1931 599 1998 Quamquam
647 1942 791 1998 igitur
838 1941 973 1984 huius
1021 1941 1235 1984 carminis
1281 1941 1488 1997 singulae
1537 1956 1606 1982 res
1654 1954 1745 1982 non
1787 1939 1878 1981 iam

171 2017 367 2069 possunt
399 2013 455 2055 ad
488 2013 714 2069 liquidum
746 2013 948 2069 perduci,
996 2018 1151 2055 tamen
1184 2028 1239 2054 ex
1272 2013 1341 2066 iis,
1390 2027 1504 2068 quae
1539 2010 1787 2067 composui,
1829 2010 1878 2052 in

171 2083 438 2127 universum
469 2084 515 2126 id
549 2084 758 2126 concludi
789 2099 974 2126 necesse
1006 2084 1190 2126 videtur
1222 2083 1307 2125 hoc
1340 2098 1520 2125 carmen
1552 2097 1643 2125 non
1678 2081 1799 2124 finiri
1831 2081 1879 2123 in

172 2154 478 2212 depingendis
511 2155 699 2211 Libycis
732 2155 933 2198 Aristaei
965 2155 1088 2209 fatis,
1138 2155 1217 2197 sed
1250 2155 1317 2196 uti
1350 2155 1553 2196 ordiatur
1585 2169 1610 2195 a
1643 2153 1880 2196 Thessalia

172 2226 349 2283 nuptiis
382 2226 447 2269 ibi
479 2226 710 2283 Apollinis
742 2226 1065 2282 nymphaeque
1099 2226 1355 2282 descriptis,
1389 2226 1455 2267 ita
1487 2231 1591 2281 post
1623 2225 1879 2281 digressum

172 2296 304 2340 illum
350 2296 621 2340 Africanum
683 2312 838 2340 rursus
900 2297 1056 2340 reduci
1103 2297 1150 2338 in
1203 2296 1501 2350 Thessaliam,
1564 2295 1642 2338 ubi
1691 2295 1880 2338 Chironi

173 2369 305 2412 venit
335 2369 385 2411 in
407 2369 697 2426 disciplinam
720 2369 958 2411 Aristaeus
981 2368 1212 2424 puerulus,
1247 2368 1372 2410 cuius
1396 2372 1494 2409 tum
1517 2382 1587 2409 res
1610 2367 1655 2408 in
1674 2366 1878 2417 Graecia,

174 2438 372 2483 fortasse
419 2441 558 2484 etiam
592 2441 708 2483 Ceae
751 2445 962 2497 peractae
1009 2454 1235 2482 summum
1267 2439 1479 2481 carminis
1513 2437 1786 2480 obtinebant
1817 2438 1881 2480 lo-

176 2525 298 2566 cum3
331 2512 454 2555 finiri
483 2513 680 2569 denique
702 2513 872 2555 Eoeam
895 2512 943 2553 in
966 2510 1275 2553 describendis
1293 2509 1540 2552 Actaeonis
1562 2509 1645 2551 filii
1668 2508 1880 2565 superbia

175 2587 413 2640 morteque
444 2584 709 2627 miserrima.
774 2583 882 2639 Ipsa
914 2582 1150 2624 Thessalia
1197 2596 1304 2623 sane
1343 2580 1495 2637 aptius
1534 2580 1668 2622 matri
1706 2579 1882 2633 λεχαίων

175 2653 464 2710 praebuisset
496 2655 787 2712 aptioresque
819 2653 988 2695 infanti
1021 2667 1179 2705 cunas;
1213 2651 1270 2694 ob
1294 2666 1408 2694 unos
1431 2651 1574 2707 igitur
1596 2651 1880 2706 Cyrenenses

177 2792 402 2840 Aeschylus
445 2795 684 2830 vetustiores
740 2797 902 2829 secutus
954 2793 1145 2835 rationes,
1207 2791 1342 2826 Iovem
1395 2791 1489 2826 fecit
1539 2791 1770 2836 punientem
1826 2791 1883 2825 iu-

178 2852 294 2888 venis
324 2853 566 2899 superbiam,
604 2854 700 2899 quia
725 2852 905 2889 Semelae
938 2851 1214 2892 insidiabatur,
1255 2849 1369 2885 cuius
1400 2851 1484 2896 ipse
1511 2859 1644 2884 amore
1670 2848 1883 2884 tenebatur

178 2910 370 2957 Iuppiter.
420 2912 485 2956 (cf.
511 2912 785 2948 Wilamowitz.
811 2911 952 2946 introd.
980 2911 1019 2945 in
1044 2908 1233 2964 Aeschyli
1259 2908 1494 2954 Agamemn.
1522 2919 1586 2954 pp.
1612 2908 1658 2942 42
1683 2912 1721 2942 et
1746 2908 1817 2943 451.

326 2970 350 3014 ¹)
387 2970 532 3007 Reisen
558 2972 642 3007 und
667 2971 904 3008 Untersuch.
932 2971 970 3004 in
999 2968 1220 3004 Griechenl.
1251 2979 1284 3013 p.
1303 2968 1361 3003 47.
