2148 3434
864 144 1157 185 -23-

157 257 332 302 fectum
349 255 631 311 testantur¹).
655 258 892 301 Postremo
908 260 1074 302 deloco
1090 261 1310 316 quaedam
1326 270 1610 312 annotemus,
1628 278 1716 320 quo
1732 278 1859 320 proe-

157 329 271 373 lium
288 328 540 385 susceperit
561 327 764 371 Autochi
781 334 927 372 mater
949 330 1141 386 Cyrana.
1184 331 1309 386 Παρὰ
1326 332 1561 387 μινριοιίσιον
1577 337 1702 384 αἶπος
1719 335 1858 391 Apol-

157 399 308 444 lonius
340 399 549 442 Rhodius
581 399 716 442 deum
748 399 860 442 facit
893 401 1196 457 deponentem
1230 403 1442 458 puellam,
1481 405 1550 446 ἐπὶ
1584 406 1859 461 Μυρτούσσης

156 470 378 515 luctatam
400 485 498 513 esse
521 470 712 512 eandem
736 471 877 513 tradit
896 471 1212 514 Callimachus,
1258 473 1375 516 Illud
1400 474 1589 517 verbum
1612 475 1858 529 μυριώσιος,

157 541 199 586 si
229 541 330 598 quis
363 541 472 598 quid
505 541 691 584 omnino
724 541 812 584 sibi
844 542 957 584 velit
990 542 1085 584 eius
1119 544 1257 599 stirps
1292 550 1338 586 et
1369 546 1512 599 radix,
1557 546 1858 602 inquisiverit,

157 612 362 656 dubitari
392 626 487 656 non
518 617 687 669 potest,
737 613 847 668 quin
895 613 1193 655 derivandum
1228 615 1287 656 sit
1319 615 1374 657 de
1408 616 1546 657 verbo
1578 618 1746 671 μιίριος,
1797 618 1859 659 ita

156 687 210 728 ut
242 682 500 738 Μυρτώσιον
530 685 659 733 αἶπος
690 684 919 739 significet
952 684 1299 741 ,Myrtenhohe‘.
1348 685 1480 728 Unde
1505 692 1671 740 tamen,
1706 696 1858 729 monet

155 769 230 799 me
260 754 645 799 Wilamowitzius
677 769 804 797 meus
845 759 1128 810 praeceptor,
1163 756 1274 797 illud
1308 773 1340 797 ω
1372 757 1417 797 in
1453 758 1591 812 epicis
1625 758 1858 813 Apollonii

156 825 464 870 carminibus?
527 826 763 868 Dialectus
797 826 981 881 quidem
1014 826 1142 882 epica
1174 827 1322 882 poscit
1354 828 1461 878 ov!⁹)
1529 829 1649 883 Ergo
1684 829 1791 870 illud
1827 845 1859 870 ω

156 897 246 941 alio
279 897 498 955 explicari
529 898 664 940 modo
697 912 790 940 non
822 901 991 953 potest,
1024 897 1113 938 nisi
1145 903 1197 938 ut
1230 913 1253 939 e
1286 898 1478 940 dialecto
1512 898 1675 941 Dorica
1709 914 1858 955 sump-

156 973 257 1012 tum
289 983 387 1012 esse
414 983 691 1011 censeamus,
754 967 901 1023 Atqui
933 972 1095 1010 notum
1127 972 1195 1009 est
1220 967 1502 1023 Cyrenenses
1536 969 1728 1011 dialecto
1752 984 1861 1024 qua·

156 1040 263 1084 dam
309 1055 408 1084 esse
454 1054 575 1095 usos,
624 1054 761 1096 quam
808 1039 1083 1082 severiorem
1116 1038 1334 1081 Doridem
1367 1024 1595 1095 appellare
1629 1040 1858 1095 placuerat

156 1110 400 1155 Ahrensio.
463 1111 642 1167 Itaque,
691 1110 729 1153 si
762 1110 809 1152 in
841 1114 980 1166 poeta
1012 1110 1140 1166 epico
1189 1110 1328 1152 talem
1360 1110 1618 1152 invenimus
1652 1110 1858 1164 formam,

155 1186 424 1239 usurpatam
456 1183 511 1225 de
543 1183 643 1225 loco
677 1182 887 1238 quodam,
922 1196 1056 1237 quem
1090 1181 1282 1237 Cyrenis
1316 1181 1545 1223 exstitisse
1578 1187 1859 1237 compertum

155 1253 391 1308 habemus,
424 1253 634 1296 concludi
664 1268 848 1296 necesse
882 1257 952 1295 est
972 1252 1270 1309 Apollonium
1302 1252 1415 1294 illud
1448 1269 1480 1293 ω
1512 1252 1558 1293 in
1583 1253 1733 1308 epicos
1756 1267 1859 1294 suos

155 1339 315 1369 versus
349 1340 405 1368 ex
435 1317 537 1382 ipso
570 1325 824 1381 Cyrenensi
855 1324 944 1367 loci
975 1324 1159 1367 nomine
1191 1323 1492 1366 transtulisse.
1558 1323 1859 1365 Callimachus

155 1410 266 1439 sane
296 1395 487 1453 praebet
519 1412 582 1451 ov,
632 1396 738 1452 quia
770 1395 999 1452 discrepat
1045 1409 1148 1437 cum
1195 1394 1295 1437 aliis
1328 1394 1476 1450 poetis
1510 1394 1859 1447 Alexandrinae,

155 1559 264 1594 niam
279 1559 559 1606 migraverunt
576 1558 743 1604 ἀφίκοντο
761 1560 798 1592 ἐκ
829 1561 882 1601 τῆς
895 1556 1064 1598 Ἐλληίἷος
1079 1584 1086 1590 .
1103 1583 1110 1592 .
1127 1584 1134 1592 .
1150 1560 1182 1592 οἱ
1206 1561 1281 1604 μετ’
1301 1557 1498 1605 Ἀρισταίου.
1525 1555 1569 1590 In
1589 1556 1672 1600 ipso
1689 1555 1860 1590 Diodoro

155 1617 189 1654 V
207 1617 253 1654 15
289 1616 499 1653 Aristaeus
531 1617 635 1652 inter
665 1615 875 1652 Sardiniae
907 1617 1065 1651 colonos
1093 1626 1170 1651 non
1198 1619 1267 1651 est.
1319 1616 1383 1659 (cf.
1412 1613 1602 1661 Θαινμιὲσια
1630 1615 1706 1657 100,
1734 1613 1859 1649 Schol.

154 1677 197 1713 in
228 1677 344 1713 Dion.
369 1677 526 1722 Perieg.
549 1675 631 1720 458,
663 1674 771 1712 Solin
804 1675 859 1719 17,
891 1686 928 1721 p.
952 1675 1009 1719 46,
1033 1675 1080 1719 8).
1132 1674 1351 1710 Diodorum
1385 1674 1435 1708 IV
1455 1673 1510 1717 «25⁶2,
1535 1674 1556 1707 4
1589 1674 1768 1718 sequitur
1794 1672 1859 1709 Sil.

154 1735 242 1773 Ital.
258 1735 337 1772 XII
353 1736 424 1772 365
441 1746 525 1781 sqq.

299 1797 326 1841 ¹)
365 1795 491 1831 Valde
517 1798 624 1830 errat
649 1792 895 1830 Studniczka
922 1793 1034 1838 (Kyr.
1054 1803 1089 1838 p.
1110 1792 1205 1837 106),
1231 1793 1299 1837 qui
1326 1790 1488 1827 οῖοπόλον
1514 1794 1667 1838 δαίμονα
1686 1791 1707 1825 i.
1727 1802 1759 1824 c.
1779 1790 1860 1825 Tri-

153 1857 299 1899 tonem,
337 1855 407 1900 qui
445 1854 605 1889 obviam
642 1853 754 1888 venit
791 1851 1050 1898 Argonautis,
1089 1861 1180 1886 cum
1218 1852 1258 1885 in
1297 1850 1425 1895 Libya
1464 1853 1729 1885 versarentur.
1773 1860 1858 1884 esst·

153 1913 383 1950 Aristaeum
421 1913 590 1949 coniecit
627 1913 659 1948 1.
693 1911 790 1957 quid
827 1912 904 1946 sibi
942 1911 1028 1946 vult
1065 1911 1105 1945 in
1137 1910 1304 1946 desertis
1333 1909 1408 1944 illis
1440 1909 1652 1944 fertilitatis
1685 1908 1858 1943 numen?

133 1973 188 2010 -2.
213 1974 299 2020 ipse
323 1972 525 2008 Pindarus
551 1972 680 2018 (Pyth.
699 1971 752 2007 IV
770 1971 832 2016 20)
863 1974 966 2006 tecte
998 1974 1132 2005 monet
1164 1969 1214 2005 de
1245 1968 1425 2003 Tritone:
1464 1969 1570 2002 illum
1604 1969 1707 2002 enim
1740 1967 1858 2002 deum

155 2032 252 2069 dicit
276 2032 512 2078 apparuisse
541 2032 753 2078 Τριτωνίδος
770 2033 805 2066 ἐν
825 2033 1003 2077 προχοαῖς,
1024 2028 1130 2074 quod
1148 2038 1227 2066 non
1246 2032 1393 2063 temere
1412 2026 1611 2061 addidisse
1637 2025 1858 2071 putandum

156 2094 216 2128 est
252 2094 411 2138 poetam
450 2091 506 2136 (in
538 2090 648 2125 univ.
674 2089 723 2125 cf.
748 2088 874 2126 Schol.
898 2087 972 2134 Ap.
1000 2088 1071 2122 Rh.
1090 2087 1141 2123 IV
1163 2087 1279 2129 1552).
1330 2087 1362 2121 3.
1401 2086 1467 2130 qui
1507 2096 1602 2119 oves
1633 2086 1768 2130 pascit,
1801 2089 1860 2119 est

155 2149 306 2194 οῑπόλος,
336 2160 414 2185 non
446 2147 606 2188 οἰοπόλος
634 2149 699 2193 (cf.
730 2147 869 2184 Christ.
900 2146 1126 2192 Sitzungsb.
1174 2146 1289 2191 Bayr.
1321 2145 1447 2179 Akad.
1479 2144 1577 2186 1890,
1605 2144 1711 2186 ‘21713
1743 2144 1855 2178 affert

155 2209 400 2247 Studniczka
424 2209 465 2243 in
491 2207 681 2244 Roscheri
707 2207 751 2242 L.
770 2207 818 2242 M.
837 2207 860 2241 l.
879 2206 901 2241 1.
921 2206 1039 2250 1745).
1071 2207 1104 2241 4.
1133 2206 1250 2240 huius
1269 2205 1380 2239 verbi
1400 2204 1458 2238 vis
1478 2203 1621 2247 optimc
1641 2202 1857 2236 illustratur

155 2268 330 2315 quodam
347 2267 546 2314 Apollonii
572 2276 706 2311 versu,
732 2266 802 2311 qui
828 2265 922 2300 dicit
939 2265 993 2300 IV
1012 2265 1103 2300 1319
1122 2275 1204 2309 sqq.
1233 2263 1398 2298 defessis
1420 2262 1604 2296 heroibus
1623 2261 1854 2306 apparuisse

155 2327 335 2370 οἶοπόλους
356 2330 509 2374 χθονίας
534 2325 632 2371 θεὰς,
659 2335 759 2371 quas
777 2325 953 2371 appellat
971 2324 1153 2359 herossas
1180 2323 1243 2366 (de
1269 2323 1326 2356 his
1350 2323 1398 2356 cf.
1419 2320 1686 2354 Wilainowitz.
1715 2319 1854 2354 introd.

154 2387 355 2429 inlAeseh.
382 2386 535 2422 Eumen
561 2385 672 2430 2152).
724 2385 907 2420 Etiamne
925 2384 1011 2419 illas
1030 2385 1132 2418 inter
1150 2392 1245 2423 oves
1267 2381 1416 2415 versari
1443 2378 1651 2424 putemus?
1683 2378 1854 2413 Minime!

156 2447 205 2483 ef.
225 2457 283 2483 vs.
305 2445 405 2482 1331-
426 2447 511 2482 ἵλατ’
534 2443 751 2493 ἐρημονόμοι
774 2446 899 2490 κυδραὶ
926 2448 1007 2479 θεαί
1033 2444 1080 2477 cf.
1106 2442 1224 2477 etiam
1258 2440 1413 2474 Esclicr.
1465 2438 1601 2472 Triton
1629 2437 1732 2482 Lips.
1753 2437 1854 2473 1890.

155 2505 234 2542 71².
283 2505 405 2542 Verbi
442 2505 568 2552 igitur
605 2503 790 2550 ,οἰοπόλοςι
828 2504 909 2538 vim
947 2503 1149 2537 conseram
1188 2510 1276 2534 cuin
1317 2500 1398 2532 loco
1444 2497 1616 2541 quodam
1654 2496 1853 2541 odysseae

155 2566 197 2611 (δ
215 2565 312 2609 367),
344 2575 422 2610 quo
454 2564 600 2600 dicitur
634 2566 792 2607 Εἰδοθέη
814 2590 821 2597 .
844 2590 851 2597 .
874 2589 881 2596 .
916 2562 997 2607 ἣμ·
1030 2571 1095 2605 (sc.
1127 2559 1363 2598 Menelaum)
1407 2561 1468 2603 οἱῳ
1506 2559 1639 2601 ippone
1677 2553 1855 2594 συνήντετο

154 2623 284 2670 νόσφιν
320 2626 479 2673 ἑταίρων.
529 2623 562 2659 5.
595 2624 634 2658 in
661 2623 893 2658 universum
927 2620 1049 2655 multo
1085 2619 1251 2652 maiores
1284 2615 1421 2650 tribuit
1454 2614 1633 2649 Aristaeo
1662 2614 1699 2647 in
1727 2613 1853 2658 Libya

154 2686 300 2730 partes,
326 2693 427 2728 quas
452 2693 576 2729 supra
602 2682 772 2718 coercui.
818 2681 925 2716 Idem
954 2679 1063 2719 deus,
1096 2677 1162 2721 qui
1202 2676 1303 2711 Ceae
1336 2673 1542 2720 splendido
1575 2671 1855 2707 celebrabatur

154 2742 312 2788 templo,
343 2742 452 2778 nullo
478 2741 644 2788 Cyrenis
670 2741 780 2776 cultu
806 2739 1035 2775 ornabatur.

296 2801 325 2844 ²)
361 2801 403 2836 in
441 2801 677 2837 universum
715 2800 899 2835 conferas
938 2796 1033 2831 illud
1073 2792 1313 2842 Mvfflm'w‘nm‘
1345 2790 1474 2838 μεταξὺ
1507 2788 1682 2829 Λευκάδος
1713 2790 1772 2823 καὶ
1800 2786 1856 2822 τοῖ’

149 2860 382 2908 Ἀμβρακικοῦ
406 2858 536 2896 κόλπου
560 2859 703 2905 (Strab.
722 2870 759 2904 p.
778 2857 872 2902 459),
900 2854 1078 2901 All-gnum,-
1104 2853 1139 2887 rc}
1166 2853 1229 2886 νῦν
1254 2848 1484 2896 ”vomis-vum·
1511 2849 1548 2882 in
1571 2847 1679 2882 Elide
1699 2846 1853 2890 (Strabo

155 2918 248 2955 VIII
269 2929 308 2966 p.
330 2919 399 2954 341
439 2929 490 2955 ex
528 2918 786 2965 Apollodoro:
824 2916 940 2952 Nicsc
974 2913 1110 2948 Rhcin.
1150 2910 1247 2945 Mus.
1285 2910 1341 2952 32,
1372 2908 1455 2949 277)
1494 2909 1542 2942 cs.
1567 2906 1619 2941 St.
1647 2906 1736 2950 Byz.
1760 2916 1789 2939 s.
1816 2915 1853 2938 v.

155 2975 352 3028 Μύρσινοςς
377 2977 552 3014 Paus.11
570 2977 626 3021 26,
644 2978 666 3012 4
693 2974 851 3023 Μύρτιον
876 2976 911 3018 (e
939 2973 1166 3007 coniectura
1195 2967 1479 3003 Wilmnowitzii
1507 2965 1644 3009 Isyllos
1669 2964 1776 3006 55⁶¹).
