2148 3434
964 122 1261 164 ..30-

262 244 491 301 nymphae
524 254 688 284 nomen
721 238 979 282 derivatum
1012 254 1110 282 esse
1149 239 1216 282 ita
1251 243 1304 280 ut
1343 238 1526 294 Cyrana
1564 237 1796 294 significet
1832 236 1970 295 ‚Cyre

263 311 513 357 oriundam*
549 313 654 364 (,die
686 326 779 354 von
811 308 987 367 Kyre‘).
1051 310 1175 352 Fons
1215 309 1360 366 igitur
1397 309 1524 365 prior
1563 313 1662 351 erat
1692 307 1820 364 urbe,
1851 322 1971 366 quae

263 401 317 427 ex
351 400 403 426 eo
437 398 600 425 nomen
635 383 770 438 cepit,
811 387 948 437 atque
987 380 1237 423 verisimile
1275 384 1346 423 est
1382 380 1473 422 iam
1521 385 1629 422 ante
1660 379 1971 424 'Pheraeorum

263 456 509 498 adventum
544 454 662 495 idem
696 453 800 495 huic
834 452 976 495 fuisse
1009 452 1108 494 rivo
1141 466 1309 494 nomen
1346 451 1465 493 sicut
1502 450 1560 493 ad
1596 451 1800 493 Pontum
1829 450 1972 495 Euxi-

264 542 370 568 num
406 525 592 567 Artacia
624 524 727 566 fons
760 523 845 565 hoc
868 523 1052 566 nomine
1075 521 1396 579 appellabatur
1418 526 1665 578 antequam
1692 520 1973 566 Graecorum

264 597 411 639 coloni
446 596 525 637 has
558 595 604 636 in
647 595 858 650 regiones
896 592 1260 650 pervenerunt¹).
1324 591 1691 635 Reminiscamur
1738 592 1878 636 etiam
1921 592 1973 637 in

265 669 366 710 sinu
399 666 624 709 Arabiaco
658 665 778 707 idem
811 665 1009 707 inveniri
1031 678 1199 706 nomen
1225 667 1345 706 teste
1367 663 1600 706 Hecataeo
1623 662 1710 714 (St.
1733 662 1847 720 Byz.
1870 677 1906 708 s.
1927 677 1972 707 v.

266 737 456 792 K1⁵Qa)²).
522 736 642 790 Ιιίίρα
674 736 792 789 fons,
841 736 948 793 quia
985 750 1011 777 a
1049 734 1330 777 Callimacho
1368 733 1499 776 brevi
1530 737 1780 790 usurpatur
1821 734 1975 792 priore

266 808 441 865 syllaba
489 808 551 859 (ΙΙ
586 808 674 861 88),
723 807 943 863 sequitur,
992 812 1043 848 ut
1090 805 1199 848 urbs
1252 804 1550 861 nymphaque
1605 803 1781 860 Κυράνα
1826 808 1975 850 metro

266 879 472 922 Baccheo
505 879 562 921 sit
596 878 842 920 metienda.

411 986 435 1028 ¹)
462 984 578 1019 Niese
607 983 812 1018 Entwickl.
841 982 876 1017 d.
905 983 1050 1018 homer.
1078 981 1191 1017 Poes.
1218 981 1299 1016 223.
1328 980 1600 1016 Wilamowitz.
1642 979 1757 1016 Hom.
1783 980 1877 1018 unt.
1896 979 1976 1017 166.

409 1046 435 1087 a,
474 1043 717 1079 Sententiam
744 1042 855 1077 urbis
881 1051 1025 1077 nomen
1052 1045 1158 1076 recte
1190 1040 1366 1075 derivari
1399 1049 1424 1075 a
1455 1039 1615 1075 nomine
1646 1040 1734 1084 rivi,
1765 1040 1979 1086 sperabam

268 1114 329 1138 me
363 1113 477 1148 posse
511 1102 650 1137 fulcire
683 1103 848 1136 inventa
879 1100 1088 1136 cuiusdam
1120 1100 1273 1135 nummi
1307 1098 1518 1145 Cyrenaici
1549 1098 1819 1145 inscriptione,
1861 1099 1979 1136 cuius

269 1174 314 1197 va
343 1173 444 1207 pars,
472 1163 510 1195 in
538 1171 619 1206 qua
646 1162 803 1206 insigne
830 1160 929 1195 solet
955 1160 1126 1205 imprimi
1145 1159 1352 1202 (,Revers‘)
1372 1157 1610 1204 designatur
1632 1158 1675 1193 in
1699 1157 1810 1194 libris
1833 1158 1980 1195 numis-

268 1222 422 1255 maticis
441 1220 574 1255 verbis
592 1224 895 1256 AAmzerAs.
947 1219 1080 1263 Atque
1098 1218 1272 1254 affirmat
1291 1217 1330 1252 F.
1350 1216 1535 1262 Bompois
1552 1215 1757 1253 Medailles
1774 1216 1981 1264 Grecques

269 1285 501 1314 autonomes
528 1279 713 1324 trappe-es
739 1279 838 1313 dans
865 1278 903 1312 la
929 1277 1193 1323 Cyrenaiquc,
1220 1276 1334 1311 Paris
1354 1276 1446 1312 1869
1471 1286 1509 1322 p.
1530 1275 1599 1311 123
1622 1279 1843 1312 extremam
1859 1275 1981 1313 huius

270 1339 380 1372 verbi
408 1338 577 1373 litteram
598 1343 703 1372 certe
723 1348 802 1372 non
821 1348 907 1372 esse
926 1348 945 1371 r
964 1337 1147 1382 finirique
1174 1335 1239 1371 illo
1258 1349 1280 1370 σ
1295 1339 1420 1370 totum
1440 1334 1628 1380 verbum3
1654 1345 1774 1382 quem
1799 1336 1982 1382 sequitur

270 1399 409 1433 Muller
436 1398 624 1432 Numism.
652 1397 701 1433 dc
728 1397 951 1433 l‘ancienne
976 1396 1146 1442 Afrique
1171 1394 1487 1441 Supplem.1874
1513 1405 1549 1440 p.
1570 1394 1626 1430 11.
1676 1394 1768 1441 Ipse
1790 1393 1983 1432 Mtiuerus

270 1463 378 1492 rccte
405 1458 621 1502 explicavit
648 1456 745 1491 illud
772 1461 907 1492 ΔΑΜΩ
933 1456 1168 1502 genetivum
1196 1454 1375 1490 doricum
1407 1463 1495 1489 esse
1522 1453 1588 1498 (cf.
1611 1463 1674 1489 no.
1698 1452 1756 1498 42,
1787 1453 1868 1499 323,
1897 1453 1982 1499 324)

271 1521 391 1561 atque
419 1515 536 1562 κόρη,-
562 1516 757 1551 derivavit
790 1515 839 1550 de
872 1515 1031 1550 nomine
1062 1514 1183 1549 sontis
1218 1512 1326 1561 Κόρη.
1377 1512 1574 1549 Suaviora
1604 1512 1701 1548 mihi
1731 1512 1831 1549 haec
1856 1514 1984 1558 erant,

272 1587 390 1620 quam
431 1581 474 1610 ut
511 1586 588 1610 non
630 1576 686 1610 eis
725 1575 959 1610 diffiderem.
1022 1574 1155 1619 Atque
1194 1584 1237 1608 re
1276 1582 1384 1616 vera,
1423 1582 1514 1607 cum
1552 1572 1702 1608 eximia
1732 1571 1984 1619 benignitate

274 1635 459 1669 Drcssclii
494 1635 656 1669 rectoris
691 1634 900 1669 clarissimi
932 1633 1237 1669 nummothecac
1270 1631 1538 1667 Berolinensis
1569 1630 1689 1667 huius
1720 1631 1884 1674 nummi,
1914 1630 1984 1677 qui

274 1694 388 1729 hodic
415 1698 473 1728 cst
499 1694 536 1728 in
564 1694 750 1736 manibus
775 1693 823 1728 H.
844 1693 1017 1735 Weberi,
1044 1692 1188 1727 medici
1222 1691 1268 1726 cl.
1301 1690 1578 1734 Londinensis,
1611 1689 1787 1737 sigillum
1819 1690 1860 1725 in
1891 1698 1985 1726 cera

275 1754 508 1797 impressum
547 1753 797 1798 inspicerem,
835 1752 919 1787 illos
959 1752 1066 1786 viros
1105 1750 1242 1785 doctos
1281 1759 1437 1785 errasse
1475 1749 1709 1796 apparebat.
1759 1748 1854 1785 Post
1877 1747 1984 1784 enim

274 1822 360 1846 cam
394 1813 572 1854 litteram,
612 1822 732 1856 quam
771 1817 804 1846 Σ
839 1821 925 1846 esse
964 1810 1180 1845 affirmavit
1219 1809 1414 1855 Bompois,
1453 1811 1615 1844 exstant
1652 1807 1846 1853 reliquiae
1882 1806 1987 1844 alius

276 1872 441 1913 litu-rac,
473 1882 577 1916 quac
611 1882 631 1906 e
665 1870 812 1905 iudicio
846 1870 985 1905 harum
1012 1879 1146 1904 rerum
1174 1869 1406 1914 peritiorum
1434 1877 1512 1903 non
1540 1870 1669 1913 potest
1699 1866 1880 1913 intellegi
1908 1865 1987 1903 nisi

277 1938 306 1965 A
331 1935 364 1973 (⁶
381 1940 400 1967 l.
446 1930 608 1974 Littera,
633 1940 737 1975 quae
764 1928 981 1976 praecedit.
1005 1938 1084 1963 non
1110 1929 1187 1963 iam
1213 1931 1343 1974 potest
1367 1927 1514 1962 clarius
1538 1926 1709 1972 perspici
1734 1946 1778 1952 -
1800 1931 1834 1962 Σ
1851 1927 1987 1962 tamen

278 1999 352 2023 non
382 1990 454 2024 suit
484 2011 537 2024 —.
577 1995 752 2024 attamen
791 1989 841 2023 ob
881 1989 1156 2033 insequentem
1190 2003 1211 2022 a
1243 1986 1522 2022 coniciendum
1556 1988 1616 2022 est
1648 1985 1774 2022 fuisse
1800 1990 1844 2021 N.
1893 1983 1988 2021 Post

278 2054 498 2083 vxtremum
527 2049 623 2083 illud
651 2056 681 2084 A
707 2053 868 2093 propter
896 2048 1043 2082 laesam
1071 2047 1219 2082 nummi
1246 2046 1470 2093 marginem
1497 2045 1631 2081 omnia
1655 2047 1749 2081 sunt
1780 2043 1987 2081 oculorum

278 2109 505 2153 conspectui
533 2112 688 2153 crepta3
727 2107 796 2142 sed
829 2106 1051 2142 secundum
1084 2106 1252 2141 aliorum
1285 2115 1539 2141 nummorum
1572 2103 1801 2151 analogiam
1827 2102 1988 2139 videtur

280 2198 493 2241 legendum
521 2207 607 2232 csse
633 2203 769 2233 ΔΑΜιι
797 2164 1060 2243 ΚΥΡΑᾸέϊΑ<Σ
1083 2196 1169 2231 sive
1195 2195 1319 2242 (ΙΟΝ.
1355 2195 1420 2238 (cf.
1438 2193 1605 2229 similem
1622 2201 1829 2228 nummum
1846 2189 1988 2228 muller

280 2267 340 2291 no.
361 2256 454 2299 236).
506 2256 676 2299 Nummi,
703 2256 752 2291 dc
771 2267 850 2301 quo
869 2256 1016 2301 agitur,
1035 2256 1155 2296 frons,
1174 2264 1319 2290 nomen
1339 2254 1418 2289 fert
1438 2255 1771 2289 ΠοΑΥΑΝΘΕΥΣ
1784 2250 1850 2296 (cf.
1868 2249 1989 2287 etiam

281 2316 419 2350 Mulli-,r
445 2325 506 2349 no.
528 2315 698 2357 142-5μ
725 2324 861 2350 omncs
888 2315 958 2349 hos
985 2324 1166 2349 nummos
1192 2313 1333 2349 tribuit
1359 2312 1422 2347 vir
1439 2310 1693 2346 doctissimus
1710 2308 1729 2345 1
1746 2307 1848 2355 p.64
1872 2309 1990 2345 annis

281 2374 468 2409 1504522
494 2376 557 2408 (cs.
579 2374 649 2420 lp
673 2374 739 2418 12
791 2374 901 2409 ldem
929 2383 1072 2408 nomen
1100 2373 1304 2407 invenitur
1336 2371 1456 2407 etiam
1491 2371 1532 2405 in
1563 2367 1780 2415 lapidibus:
1813 2367 1854 2404 C.
1871 2366 1901 2403 1.
1920 2366 1988 2405 Gr.

285 2433 459 2475 1115:›1;3,
486 2434 723 2469 Sm.-Porch
751 2444 812 2468 no.
830 2434 853 2468 3
880 2444 915 2479 p.
937 2434 1021 2468 109:
1050 2433 1128 2475 ,the
1156 2432 1291 2467 letters
1317 2440 1386 2466 are
1412 2429 1456 2465 of
1478 2439 1503 2464 a
1527 2427 1633 2475 good
1659 2426 1821 2473 period‘.

425 2494 580 2528 A·ttam‹
573 2505 608 2527 n
637 2493 754 2528 huius
773 2493 935 2537 nummi,
960 2502 1039 2537 quo
1059 2495 1223 2527 exortus
1243 2491 1303 2534 sit,
1328 2493 1484 2534 tempus
1509 2486 1745 2523 certioribus
1762 2473 1990 2532 putaverim

285 2562 396 2596 poss(
424 2553 694 2587 circumscribi
723 2553 878 2587 tinibus
929 2551 1033 2594 Quid
1060 2551 1164 2587 enim
1191 2549 1267 2585 sibi
1292 2549 1380 2584 vult
1404 2547 1500 2582 illud
1527 2548 1638 2594 δῆμος
1662 2545 1736 2581 hoc
1761 2545 1801 2580 in
1827 2553 1989 2581 nummo

285 2617 320 2645 vt
349 2612 385 2644 in
421 2612 595 2645 no.236·.²
633 2611 777 2646 Oculos
816 2615 1020 2646 vertamus
1058 2609 1109 2645 ad
1147 2608 1296 2644 similes
1334 2606 1528 2653 quosdam
1566 2608 1647 2641 tres
1683 2603 1990 2640 Atheniensium

286 2680 465 2704 nummos
492 2670 584 2704 (alia
610 2670 794 2716 exempla
821 2680 898 2705 non
925 2669 1100 2711 inveni):
1127 2673 1228 2704 ΑΘΕ
1253 2674 1280 2704 ο
1306 2669 1468 2703 ΔΗΜΟΣ
1495 2665 1704 2708 (Ἀθηναίων
1728 2663 1865 2711 δῆμος),
1889 2670 1991 2708 quos

286 2739 307 2763 c
334 2729 572 2763 turbulentis
599 2730 772 2764 civitatis
790 2729 1045 2764 Atheniensis
1071 2726 1376 2773 tempestatibus
1403 2727 1564 2759 exortos
1589 2732 1677 2758 esse
1703 2720 1992 2758 domonstravit
2038 2745 2040 2747 ·

288 2787 332 2822 U.
360 2787 505 2821 Kohler
544 2788 742 2823 (zeitschr.
770 2790 793 2822 f.
814 2788 1003 2823 Numism.
1023 2786 1096 2821 XII
1117 2786 1199 2829 104)
1237 2787 1360 2830 atque
1397 2783 1559 2818 incusas
1596 2791 1684 2817 esse
1721 2780 1907 2827 probavit
1942 2788 1991 2817 eo
2020 2774 2025 2809 ἶ

288 2848 369 2892 ipso
395 2851 432 2880 t(
437 2857 582 2891 mpore,
609 2857 724 2892 quoi
715 2847 951 2882 Mithridatis
977 2846 1255 2890 Aristonisque
1280 2842 1447 2888 imperio
1472 2849 1559 2877 sese
1578 2840 1856 2876 liberaverunt
1870 2837 2018 2886 Athe<

288 2906 483 2940 niensium
523 2907 641 2941 cives.
704 2905 781 2948 ‚Sic
817 2905 906 2941 sind
945 2906 1034 2941 eine
1071 2903 1336 2940 Denkmiinze
1374 2901 1446 2936 der
1471 2898 1884 2946 Wiederherstellung
1919 2896 2015 2934 der

290 2965 645 3010 Unabhiingigkcit
673 2965 742 2999 des
768 2964 948 3000 staatesf
997 2964 1131 3009 Atque
1156 2960 1293 2998 similis
1319 2959 1517 3006 quaedam
1546 2959 1645 2994 ratio
1672 2956 1833 2994 videtur
1859 2956 2009 3032 inescer'
