2148 3434
858 129 1155 172 -13—

152 245 344 290 numina
375 250 513 302 atque
545 260 701 288 eorum
732 247 831 289 fieri
863 262 1131 303 cognomen,
1165 263 1188 289 e
1223 248 1424 303 Pindari,
1458 248 1534 304 qui
1568 263 1622 290 ex
1656 247 1858 290 Hesiodo

152 316 322 372 hausit,
354 317 666 373 intellegimus
699 318 864 362 verbis.
920 320 1075 375 Atque
1097 319 1327 375 Apollinis
1360 318 1502 361 filium
1537 333 1639 361 eum
1661 318 1859 361 reddunt

152 387 322 444 Horae,
369 402 486 445 quae
523 388 879 446 uniuscuiusque
927 390 992 432 rei
1025 389 1144 444 ὥραν
1184 390 1430 444 adducunt,
1479 390 1586 446 quia
1619 390 1714 446 ipse
1747 390 1857 431 deus

153 463 225 503 est
256 458 523 515 dqopsdwffl)
556 465 603 501 et
634 459 839 516 ώρὶτης’);
885 462 940 504 de
974 462 1084 504 Iove
1117 460 1226 517 quid
1257 462 1484 515 miremur,
1518 462 1555 503 si
1588 462 1708 503 inter
1745 460 1858 503 alios

153 530 294 574 etiam
325 529 725 587 Agamemnonis²³>
759 547 927 575 numen
962 548 1063 575 eum
1096 532 1341 588 arripuisse
1375 532 1595 574 videmus.

294 601 458 658 Itaque
490 603 734 646 statuimus
766 603 902 646 huius
939 604 1086 646 Eoeae
1118 619 1215 645 esse
1250 603 1484 657 rationem,
1518 609 1569 645 ut
1601 603 1717 645 alter
1748 603 1859 644 alte-

151 686 254 716 rum
286 672 375 716 sibi
406 672 657 730 subiungat
689 674 838 730 deum,
872 675 977 717 inde
1010 674 1067 717 ab
1095 674 1284 731 Opaone
1317 689 1398 730 per
1420 674 1681 716 Aristaeum
1716 688 1858 730 usque

153 743 211 788 ad
242 743 520 801 Apollinem.
584 745 728 797 Quem
775 746 831 787 ad
869 746 1035 788 finem?
1099 745 1234 788 Certe
1272 752 1324 787 ut
1370 745 1504 787 unius
1541 745 1662 787 illius
1694 744 1858 786 summi

152 814 241 871 dei,
273 814 520 872 Apollinis,
552 816 766 859 maiestas
795 822 1018 873 augeatur
1040 831 1096 859 ex
1118 831 1184 871 eo,
1219 816 1338 872 quod
1362 816 1646 872 singulorum
1669 815 1858 858 heroum

150 890 364 930 naturam
410 892 549 944 atque
586 892 866 944 potestatem
910 902 1037 930 suam
1069 887 1230 930 reddat
1262 887 1461 942 deosque
1493 887 1571 942 qui
1603 891 1738 928 antea
1769 886 1858 942 ipsi

153 957 312 1002 divino
344 958 518 1001 honore
550 958 831 1014 colebantur,
869 973 1053 1001 suorum
1086 958 1410 1013 cognominum
1443 958 1489 999 in
1522 972 1759 999 numerum
1790 972 1859 999 re·

153 1029 308 1087 cipiat.
373 1029 716 1086 Theologorum
762 1030 874 1072 haec
921 1035 991 1072 est
1038 1044 1124 1083 ars,
1172 1029 1250 1085 qui
1283 1028 1473 1071 consilio
1512 1034 1649 1084 atque
1681 1028 1857 1070 ratione

153 1101 342 1145 student
387 1101 613 1144 moderari
659 1101 1035 1158 polytheismum,
1084 1106 1135 1142 ut
1168 1100 1338 1143 similes
1371 1100 1417 1141 iu
1450 1114 1587 1142 unam
1618 1099 1858 1142 conferant

151 1187 415 1231 personam;
464 1173 685 1230 Delphos,
733 1179 786 1215 ut
818 1173 1034 1227 omnium,
1084 1172 1160 1228 qui
1200 1172 1359 1227 lingua
1391 1171 1567 1213 Graeca
1598 1170 1858 1224 utebantur,

150 1244 356 1288 locorum
388 1244 519 1301 quasi
549 1244 817 1287 umbilicum
848 1244 1067 1297 facerent,
1115 1258 1207 1285 non
1240 1242 1412 1285 frustra
1449 1240 1619 1284 talibus
1652 1241 1860 1283 carmini·

152 1315 239 1359 bus
271 1315 600 1359 annitebantur
632 1315 705 1358 dei
737 1315 952 1371 Delphici
984 1314 1154 1357 assidui
1187 1314 1397 1356 cultores.

295 1387 459 1443 Itaque
491 1388 539 1429 in
572 1387 775 1429 eiusdem
807 1387 880 1429 dei
913 1401 996 1428 nos
1019 1385 1242 1427 transfert
1263 1384 1374 1426 haec
1397 1384 1520 1426 Eoea
1553 1389 1599 1425 et
1625 1383 1860 1439 regionem

153 1462 201 1501 et
231 1458 516 1515 religionem,
549 1459 678 1502 cuius
710 1459 758 1500 in
789 1458 1010 1500 honorem
1041 1456 1345 1513 compositum
1368 1470 1464 1497 esse
1487 1455 1610 1497 aliud
1633 1454 1861 1510 quoddam

153 1543 336 1573 carmen
366 1530 647 1573 Hesiodeum
679 1529 859 1586 aperuit
890 1528 1251 1578 Wilaniowitz⁴).

295 1601 423 1644 Haec
454 1602 600 1658 igitur
632 1601 851 1644 memoria
882 1605 1141 1643 teneamus:

298 1674 336 1715 1.
384 1672 620 1730 nymphae
665 1673 713 1714 in
745 1672 943 1728 Libyam
989 1675 1173 1727 raptum
1221 1674 1400 1711 exstare
1447 1668 1494 1709 in
1541 1667 1676 1709 huius
1710 1666 1860 1709 Eoeae

151 1741 302 1786 forma
333 1745 463 1800 quasi
496 1745 809 1802 appendicem,
844 1758 959 1800 quae
992 1743 1089 1785 sine
1121 1742 1291 1784 maiore
1329 1740 1438 1782 laesi
1470 1743 1712 1781 contextus
1745 1737 1860 1794 peri·

154 1814 255 1858 culo
286 1816 435 1872 possit
470 1816 677 1871 resecari,

297 1887 337 1929 2.
386 1891 433 1929 et
464 1887 666 1930 Aristaei
697 1902 768 1930 res
801 1890 849 1928 et
870 1885 1015 1928 totius
1048 1884 1260 1928 carminis
1285 1883 1400 1924 fines
1423 1882 1710 1936 rationesque
1734 1894 1860 1936 spec-

152 1962 253 2001 tare
284 1958 342 2001 ad
373 1974 446 2001 res
478 1959 781 2015 regionesque
815 1958 1027 2012 Graecas,

297 2030 337 2073 3.
385 2030 537 2086 ipsum
571 2045 753 2072 carmen
785 2044 883 2071 esse
914 2027 1176 2083 theologiae
1208 2024 1459 2081 Delphicae
1497 2022 1739 2079 specimen.

297 2100 629 2144 Gravissimam
667 2101 864 2156 denique
902 2112 1166 2141 moveamus
1206 2095 1521 2153 quaestionem
1559 2094 1614 2135 de
1654 2092 1860 2148 Cyrenae

153 2186 313 2230 pugna
344 2188 447 2215 oum
479 2173 623 2216 leone.
678 2171 973 2227 Relinquitur
1005 2170 1139 2223 enim,
1172 2174 1224 2210 ut
1258 2167 1567 2218 decernamus,
1611 2162 1860 2205 infueritne

153 2242 246 2287 iam
291 2244 341 2286 in
388 2244 587 2287 carmine
634 2243 864 2286 Hesiodeo
911 2240 1112 2284 heroidis
1152 2238 1263 2281 illud
1303 2237 1480 2280 facinus
1521 2235 1770 2291 gloriosum
1803 2247 1860 2275 an

154 2314 360 2358 hauserit
391 2316 588 2370 aliunde,
622 2329 737 2371 quae
770 2314 826 2356 de
857 2313 943 2356 hoc
976 2311 1150 2369 proelio
1182 2309 1325 2352 refert
1357 2308 1596 2350 Pindarus.

298 2386 453 2444 Atque
484 2386 773 2443 Apollonius,
821 2383 1074 2427 Hesiodum
1111 2386 1164 2423 ut
1195 2380 1393 2423 vidimus
1426 2377 1607 2433 saepius
1639 2374 1860 2426 imitatus,

155 2457 410 2515 simplicem
461 2458 595 2501 nobis
649 2456 840 2514 praebet
890 2453 1200 2497 narrationem
1252 2449 1505 2506 nympham
1560 2446 1705 2504 patris
1752 2459 1861 2487 oves

299 2623 327 2667 ¹)
365 2621 405 2659 C.
423 2623 452 2658 Ι.
471 2621 518 2659 G.
536 2622 642 2658 2342.

297 2682 326 2727 ²)
362 2681 561 2728 Lycophr.
580 2681 661 2717 352.

297 2741 326 2785 ⁸)
363 2741 545 2787 Iuppiter
560 2740 771 2776 Aristaeus
788 2737 914 2783 (Serv.
934 2735 985 2771 ad
1004 2733 1150 2779 Georg.
1169 2732 1186 2767 I
1207 2731 1277 2776 14),
1295 2730 1410 2776 Iupp.
1427 2729 1664 2774 Agamemu.
1679 2725 1744 2769 (cf.
1758 2723 1861 2760 Sam.

155 2799 274 2837 wide
298 2799 452 2836 Lakon.
470 2799 592 2836 Kulte
609 2799 706 2843 334),
723 2797 903 2843 Iuppiter
920 2793 1151 2839 Euphemus
1168 2790 1289 2826 Lesbi
1307 2789 1415 2834 (Hes.
1434 2798 1463 2823 s.
1482 2788 1547 2830 v.),
1566 2784 1706 2831 Apollo
1724 2782 1862 2827 Sarpe-

156 2859 301 2896 donius
331 2859 462 2905 (Diod.
485 2859 544 2903 32,
563 2860 633 2904 11),
664 2856 806 2904 Apollo
839 2852 1091 2900 Hyacinthus
1124 2850 1252 2894 (Nonn
1296 2848 1353 2883 XI
1379 2847 1475 2889 330),
1507 2844 1647 2891 Apollo
1679 2842 1862 2878 Iasonius

156 2919 246 2966 (Ap.
263 2918 336 2954 Rh.
354 2918 373 2954 I
389 2918 484 2963 960),
510 2918 651 2964 Apollo
678 2916 869 2952 Maleatas
894 2914 959 2958 (cf.
985 2909 1257 2947 Wilamowitz.
1284 2907 1423 2953 Isyllos
1447 2906 1494 2941 98
1512 2905 1596 2949 sq.).

300 2978 328 3021 ⁴)
366 2977 502 3023 agitur
527 2977 579 3013 de
604 2975 844 3021 Aesculapio
870 2977 909 3009 et
934 2969 1129 3007 Coronide
1156 2966 1428 3003 Wilamowitz.
1456 2964 1594 3009 Isyllos
1620 2961 1664 2996 57
1682 2971 1765 3005 sqq.
