2148 3434
972 126 1316 186 —2o—,

273 247 485 290 meruisse
533 246 587 287 de
622 244 960 300 Cyrenensibus
994 243 1163 299 Apollo
1195 243 1462 299 Delphicus,
1510 243 1590 299 qui
1621 242 1852 300 prioribus
1882 243 1976 286 iam

272 317 552 373 temporibus
600 315 724 357 urbis
773 315 919 357 solum
967 329 1049 356 suo
1096 328 1257 370 gressu
1304 328 1481 356 sacrum
1527 313 1653 369 fecit,
1701 328 1838 370 quam
1873 314 1975 372 ipse

272 392 484 440 Parin-us,
518 387 807 428 Doriensium
841 385 1121 441 archegetes,
1170 400 1305 441 quem
1338 399 1492 428 secum
1547 385 1699 428 Thera
1729 388 1976 442 portarunt

273 460 403 500 huius
427 470 571 499 terrae
596 458 825 513 principes
848 457 1026 499 accolae
1051 456 1228 498 Graeci.
1262 456 1317 498 In
1340 456 1558 514 fingendo
1581 457 1727 514 igitur
1741 456 1977 514 nymphae

271 540 403 585 raptu
438 529 607 584 primus
656 528 782 569 illum
822 528 980 569 nexuit
1029 528 1151 569 inter
1182 532 1423 583 utramque
1455 533 1625 570 terram
1656 527 1792 571 huius
1823 527 1975 571 Eoeae

271 606 426 642 auctm-
460 600 640 652 nodum,
690 599 767 654 qui
807 598 938 640 nobis
980 604 1049 640 est
1081 598 1388 653 discidendus,
1436 604 1488 641 ut
1530 599 1759 656 simplices
1806 613 1976 657 cogno-

271 686 444 712 scamus
493 671 672 711 formas.
738 670 861 721 Quae
895 684 947 711 eo
990 669 1170 712 facilius
1209 669 1612 713 confundebantur
1641 669 1836 727 puellae,
1868 669 1976 726 quia

270 752 516 783 consonant
555 741 752 794 nomina,
801 755 916 796 quae
948 745 1102 782 tamen
1135 741 1236 783 aliis
1269 740 1556 784 conformata
1587 755 1686 784 esse
1717 740 1975 785 rationibus

271 814 389 854 infra
422 812 674 854 accuratius
708 811 1026 854 illustrabitur.

410 884 496 924 Hic
545 883 687 938 igitur
734 883 1066 939 Cyrenensium
1114 884 1169 925 de
1217 883 1488 938 λεοντοφόνῳ
1526 882 1770 939 peculiaris
1816 881 1977 926 fabula

269 955 400 1006 (,‹·i11e
449 954 747 1009 kyreniiische
782 952 1055 1010 Ortssage‘):
1106 954 1307 1008 Κυράνας
1344 953 1523 997 facinus
1570 954 1700 1010 quasi
1742 953 1977 1011 exemplar

270 1035 336 1067 est
386 1034 665 1081 prototypon
715 1026 917 1081 ipsorum
965 1025 1217 1068 incolarum
1264 1041 1366 1068 cum
1403 1025 1613 1068 leonibus
1651 1024 1973 1082 pugnantium.

270 1097 367 1139 Illic
401 1097 597 1138 Aristaei
647 1103 791 1139 mater
824 1097 1056 1152 Thessala,
1105 1097 1250 1153 patris
1299 1097 1399 1140 ovis
1438 1111 1649 1154 pascens3
1698 1101 1837 1153 atque
1868 1096 1977 1154 quia
2032 1141 2036 1146 ,

269 1167 401 1209 huius
451 1168 542 1209 filio
576 1168 787 1210 Aristaeo
836 1183 883 1209 re
916 1183 1025 1210 vera
1071 1168 1186 1210 nihil
1235 1173 1331 1210 erat
1379 1168 1557 1225 negotii
1589 1169 1638 1210 in
1670 1167 1821 1225 Libya
1852 1167 1976 1225 quod

269 1239 355 1280 iam
391 1239 456 1280 bi>=
491 1239 645 1281 monui
678 1240 773 1295 (pp.
798 1240 825 1281 9
859 1245 903 1281 et
940 1238 1026 1293 112),
1075 1240 1131 1282 ad
1180 1240 1291 1283 istas
1339 1244 1523 1282 coactus
1571 1244 1670 1282 erat
1701 1238 1976 1282 descendere

270 1310 464 1365 ineptias
499 1311 646 1351 Eoeae
680 1316 850 1364 auctor,
898 1315 949 1352 ut
988 1310 1215 1353 infantem
1254 1311 1398 1354 filium
1436 1310 1533 1354 fere
1566 1326 1590 1354 e
1621 1310 1781 1354 matris
1813 1314 1976 1354 ventre

271 1382 433 1422 taceret
473 1382 736 1423 redeuntem
770 1382 816 1423 in
841 1381 1124 1424 Thessaliam
1146 1382 1303 1438 ibique
1325 1387 1651 1425 remanentem.
1686 1405 1741 1412 —
1764 1381 1976 1425 Eundem

270 1459 447 1507 poetam
484 1468 589 1494 num
622 1454 857 1496 credamus
890 1454 980 1496 iam
1013 1453 1276 1499 adhibuisse
1308 1455 1356 1496 in
1389 1469 1470 1498 suo
1504 1454 1703 1497 carmine
1725 1454 1852 1497 illam
1872 1468 1976 1497 cum

269 1523 395 1564 looni-
445 1539 658 1579 pugnam,
707 1540 842 1580 quani
876 1524 1077 1579 Κυράνας
1108 1525 1310 1582 Libycae
1348 1526 1583 1582 propriam
1615 1540 1714 1569 esse
1745 1524 1974 1569 vidimus?

269 1596 386 1635 sam·
437 1595 479 1636 in
515 1596 778 1637 universum
820 1612 911 1638 non
944 1597 1009 1638 ita
1041 1597 1198 1653 magni
1231 1596 1386 1652 refert,
1436 1603 1538 1639 uter
1569 1601 1721 1654 poeta,
1768 1596 1866 1640 sive
1897 1596 1976 1640 ille

270 1665 520 1707 llesiodens
566 1667 661 1708 sive
696 1667 934 1722 Pindarus,
982 1668 1156 1724 primus
1201 1668 1320 1710 hanc
1372 1668 1518 1711 leonis
1570 1683 1776 1725 pugnam
1827 1672 1976 1710 trans-

269 1737 420 1778 tulerit
457 1755 479 1776 ι·
514 1738 663 1794 Libya
695 1740 740 1780 in
771 1739 1067 1782 Thessaliam.
1131 1741 1290 1796 Neque
1324 1741 1438 1783 scire
1470 1755 1542 1783 me
1575 1740 1809 1795 confiteor,
1854 1739 1976 1783 unde

269 1808 434 1850 ‹·0·rtius
484 1810 629 1865 possit
677 1810 916 1853 diiudicari
965 1811 1076 1853 haec
1123 1826 1275 1853 rerum
1322 1810 1587 1854 difficultas.
1656 1811 1774 1863 Quia
1819 1815 1977 1854 tamen

270 1894 400 1919 «ausa
434 1880 629 1922 inveniri
655 1882 828 1937 nequit,
863 1896 978 1938 quae
1001 1883 1301 1925 commoverit
1325 1882 1637 1939 Apollonium,
1670 1882 1807 1926 huius
1823 1882 1976 1926 Eoeae

271 1949 557 2004 imitatorem,
592 1958 639 1994 ut
666 1953 790 1995 illam
813 1968 1018 2009 pugnam
1041 1954 1228 2008 deleret,
1262 1954 1533 1997 coniecerim
1555 1954 1761 1997 nondum
1780 1952 1976 1997 infuisse

272 2021 312 2060 in
349 2023 545 2064 carmine
582 2024 806 2066 Hesiodeo
840 2024 925 2067 hoc
958 2025 1153 2081 virginis
1202 2025 1381 2068 facinus
1414 2025 1807 2082 gloriosissimum.
1866 2024 1976 2068 Pin-

270 2092 403 2133 ‹larus
435 2103 652 2148 attamen,
687 2096 813 2137 cuius
847 2096 1038 2138 artiores
1072 2097 1257 2152 quidem
1290 2112 1393 2139 cum
1416 2096 1757 2153 Cyrenensibus
1779 2095 1976 2140 necessi-

271 2164 450 2204 tudines
499 2166 654 2208 decem
697 2168 828 2209 annis
861 2174 967 2224 post
1001 2168 1075 2219 (cf.
1110 2168 1249 2225 Pyth.
1284 2168 1351 2211 IV
1375 2173 1421 2211 et
1442 2169 1502 2221 V)
1535 2168 1701 2211 clarius
1734 2172 1974 2226 apparent,

272 2235 460 2276 fortas-s·-
496 2237 582 2278 iam
616 2244 751 2280 antea
783 2239 970 2281 edoctus
1003 2240 1059 2281 de
1094 2238 1292 2294 Κυράνας
1324 2239 1436 2283 forti
1473 2239 1692 2295 facinore,
1739 2239 1976 2296 eleganter

272 2306 355 2346 iam
407 2308 447 2347 in
494 2308 730 2351 'J‘hossalia
769 2310 854 2352 hoc
893 2311 1185 2353 commissum
1223 2326 1320 2354 esse
1363 2310 1587 2368 proelium
1629 2310 1836 2365 coniecit,
1885 2324 1976 2367 qua

272 2392 315 2416 rw
363 2386 637 2421 ‹·‹·mmutata
693 2382 788 2423 fieri
843 2396 976 2437 posse
1029 2383 1286 2439 perspexit,
1342 2387 1394 2425 ut
1447 2381 1631 2425 uberius
1684 2381 1974 2439 deplanando

274 2449 522 2501 posit-nloso
557 2452 786 2508 nymphae
819 2459 926 2496 ante
959 2454 1031 2495 dei
1065 2454 1218 2496 oculos
1252 2453 1426 2510 proelio
1458 2454 1640 2510 poetica
1667 2452 1738 2495 sui
1759 2453 1974 2496 carminis

275 2519 339 2558 vis·
388 2531 608 2574 ango-atm-
655 2530 698 2564 et
748 2524 917 2566 maiore
971 2524 1201 2567 afficiatur
1247 2525 1380 2580 virgo
1428 2524 1683 2581 splendore.
1762 2523 1974 2581 Denique

272 2590 587 2646 (nllnnm-hus,
637 2594 711 2635 uhi
759 2595 803 2636 in
845 2595 929 2637 ΙΙΙ.
965 2595 1137 2652 hymno
1171 2595 1417 2638 Thessalae
1449 2595 1643 2651 virginis
1690 2594 1802 2639 fecit
1848 2610 1974 2641 men-

273 2660 454 2713 tions-m,
504 2665 710 2707 musulto
745 2666 858 2708 nihil
905 2667 960 2709 de
992 2667 1136 2710 leonis
1169 2666 1357 2723 proelio,
1404 2665 1484 2708 ubi
1515 2671 1670 2709 tamen
1702 2666 1886 2710 disserit
1916 2666 1974 2710 de

274 2733 500 2787 nymphao·
550 2736 721 2790 patria«-
765 2737 899 2779 rebus
947 2738 1124 2794 (hymn.
1159 2736 1226 2792 II)
1262 2736 1492 2780 illustrare
1524 2751 1617 2780 non
1650 2737 1805 2781 omisit
1837 2737 1972 2782 huius

274 2803 600 2847 sortiriiclimin.

415 2875 498 2916 Hic
531 2876 842 2921 subsistamus.
900 2879 1180 2935 Myr-tussam
1213 2878 1347 2932 enim,
1381 2892 1517 2935 quam
1548 2879 1848 2936 possedimus,
1879 2881 1973 2938 pri-

276 2959 390 2986 mum
428 2948 697 2990 firmioribus
731 2951 986 3006 saepiamus
1019 2949 1365 3005 munitionibuS,
1399 2951 1653 2994 accuratius
1691 2951 1972 3010 refingentes
