2148 3434
963 115 1252 156 ...12-

260 239 483 296 parturire
517 243 708 278 matrem
755 235 801 276 in
836 233 985 289 Libya
1022 232 1315 289 perspicuum
1348 231 1420 285 fit3
1469 230 1596 273 cuius
1629 233 1785 272 tamen
1815 228 1962 272 filium

260 326 315 352 ne
363 310 419 350 ab
467 308 577 363 ipsis
625 305 812 347 retineri
860 303 1201 360 Cyrenensibus
1248 302 1341 345 suis
1387 302 1436 344 in
1468 301 1651 356 finibus,
1699 300 1810 357 quin
1855 299 1962 343 ilico

259 381 405 435 fugiat
442 378 636 434 Libyam
685 382 821 432 atque
869 379 1136 432 permaneat
1182 374 1229 416 in
1263 373 1469 426 Graecia,
1517 373 1685 414 iterum
1722 370 1836 414 mihi
1867 383 1964 414 mo·-

261 451 457 493 nendum
491 449 684 490 videtur.

402 521 488 561 Sed
524 520 667 561 altera
699 519 837 560 etiam
870 522 999 573 patet
1032 517 1120 570 via,
1156 530 1292 571 quam
1324 515 1381 557 ad
1413 513 1781 571 perspiciendam
1812 512 1964 555 Eoeae

260 593 480 635 rationem
515 590 694 645 ingredi
726 603 909 630 necesse
942 592 1030 630 est:
1064 587 1229 643 incipit
1260 586 1351 628 ista
1372 585 1447 627 via
1469 584 1526 627 ab
1549 584 1764 639 Aristaei,
1797 581 1964 640 quibus

261 675 460 714 ornatur,
496 660 856 714 cognominibus,
908 659 1031 710 Quae
1065 673 1117 700 eo
1141 657 1308 700 certior
1329 661 1398 698 est
1420 656 1510 710 via,
1544 656 1651 712 quia
1670 655 1750 698 illa
1770 653 1965 698 infuisse

260 736 304 776 in
340 735 459 775 Eoea
509 748 598 774 non
649 720 934 783 coniecturis}
983 729 1061 771 sed
1098 729 1259 771 Servio
1298 732 1417 770 teste
1455 726 1698 770 edocemur
1728 725 1806 780 (cf.
1839 739 1964 782 supr.

261 807 386 862 p.9›.
465 805 538 845 sio
593 804 647 844 de
702 802 771 843 his
820 801 1043 843 Pindarus
1098 799 1255 856 (Pyth.
1306 799 1377 840 IX
1425 798 1481 840 63
1520 812 1616 854 sqq.
1673 795 1747 852 [cf.
1795 811 1840 854 p.
1881 794 1964 851 7]):

262 877 441 929 ,infanti
479 876 626 916 Horae
660 880 817 915 nectar
838 878 883 913 et
907 872 1181 915 ambrosiam
1202 870 1343 913 labris
1365 869 1660 912 instillabunt
1681 868 1967 925 reddamque

262 963 361 989 enm
397 946 697 988 immortalem
731 945 889 986 Iovem
932 950 1069 999 atque
1103 957 1279 985 sacrum
1302 942 1582 999 Apollinem,
1615 941 1812 998 primam
1832 939 1966 984 bonis

262 1018 521 1060 hominibus
569 1023 705 1072 atque
745 1016 1001 1072 proximam
1035 1015 1337 1070 voluptatem,
1377 1011 1574 1055 Ὀποέονα
1605 1012 1768 1068 μήλων,
1805 1008 1967 1066 Ἀγρέα

261 1093 329 1131 καὶ
364 1089 543 1142 Νόμιον;
594 1088 669 1129 alii
712 1087 974 1129 Aristaeum
1009 1101 1110 1127 eum
1145 1081 1457 1128 invocabunt‘.
1522 1083 1762 1126 Aristaeus
1807 1081 1966 1139 igitur,

262 1161 357 1216 ipse
408 1160 566 1215 Opaon
621 1164 666 1200 et
699 1158 880 1211 Agreus
928 1163 973 1198 et
1021 1157 1227 1210 Nomius,
1287 1155 1390 1198 Iovi
1436 1169 1520 1211 par
1565 1154 1620 1197 fit
1666 1158 1713 1197 et
1743 1152 1966 1211 Apollini.

263 1232 503 1282 Quaeritur
551 1231 653 1282 iam,
703 1244 809 1270 num
859 1243 999 1270 unum
1039 1232 1252 1284 putemus
1285 1226 1549 1268 Aristaeum
1596 1226 1800 1269 diversas
1838 1224 1887 1268 in
1919 1239 1969 1268 se

262 1303 494 1344 vontinere
528 1308 728 1354 naturas,
776 1315 890 1356 quae
930 1300 1071 1355 quasi
1107 1298 1396 1355 explicentur
1436 1297 1632 1354 singulis
1665 1296 1831 1354 quibus
1863 1294 1969 1339 fun-

262 1374 386 1426 gitur
419 1373 611 1414 officiis?
676 1372 1043 1426 Aristaeumque,
1078 1370 1186 1426 quia
1218 1369 1371 1412 omnia
1403 1369 1451 1411 in
1484 1384 1532 1412 se
1565 1369 1801 1411 contineat
1832 1366 1968 1424 bona,

262 1446 338 1486 illa
385 1444 714 1486 ‹Jonnnunicare
763 1457 862 1484 cum
912 1441 1174 1484 hominibus
1222 1442 1300 1496 ita,
1349 1446 1402 1483 ut
1447 1440 1584 1484 modo
1631 1439 1795 1483 ovibus
1833 1437 1968 1482 modo

263 1515 556 1557 venat(›1·il›us
602 1515 787 1556 foveat?
852 1514 927 1555 Sic
966 1513 1148 1569 quidem
1182 1512 1468 1563 Usenerus¹).
1531 1512 1725 1568 Propior
1755 1515 1912 1553 tamen
1943 1524 1970 1553 a

263 1588 455 1628 veritate
489 1587 645 1628 abesse
695 1586 805 1627 mihi
844 1585 922 1626 illa
954 1585 1138 1626 videtur
1170 1585 1300 1638 ratio,
1348 1589 1401 1626 ut
1433 1583 1664 1640 quondam
1696 1581 1971 1639 singillatim

263 1659 491 1700 exstitisse
515 1658 749 1699 credamus
773 1663 815 1698 et
851 1657 1053 1711 Agreum
1089 1662 1135 1697 et
1168 1656 1405 1712 Opaonem
1437 1660 1484 1698 et
1514 1654 1744 1708 Nomium,
1777 1666 1971 1710 quorum

263 1739 412 1771 tamen
448 1730 655 1785 singulae
690 1735 878 1770 naturae
918 1726 1342 1784 complectebantur
1378 1727 1426 1768 in
1459 1726 1594 1768 unius
1626 1724 1827 1768 numinis
1859 1724 1970 1780 vim,

263 1802 380 1857 quod
417 1799 591 1854 ἄριστον
623 1799 934 1856 appellabant.
998 1799 1153 1854 Atque
1201 1813 1248 1840 re
1282 1813 1390 1839 vera
1425 1796 1646 1854 Agreus’)
1678 1796 1862 1853 quidem
1893 1810 1971 1839 ex-

265 1879 350 1914 stat
404 1873 446 1913 in
482 1873 708 1927 Corcyrae
756 1871 929 1913 insulae
979 1870 1174 1911 nummis
1223 1874 1361 1925 atque
1395 1869 1631 1926 Opaonem
1667 1881 1816 1925 nuper
1847 1867 1970 1912 Sam.

264 1943 580 1995 Reinachius³)
614 1943 843 1984 Larnacae
890 1942 935 1983 in
971 1941 1125 1997 Cypro
1172 1940 1402 1997 lapidibus
1449 1939 1724 1996 inscriptum
1764 1953 1862 1982 esse
1894 1937 1972 1982 de-

265 2015 549 2056 monstravit.

407 2086 770 2127 Reminiseamur
817 2084 952 2126 simili
1000 2083 1135 2125 modo
1183 2083 1322 2126 etiam
1355 2082 1553 2124 Athenis
1591 2081 1777 2124 heroem
1814 2079 1970 2138 fuisse,

266 2172 396 2212 quem
431 2157 695 2208 Medicumf)
728 2155 1037 2212 appellabant,
1087 2155 1228 2196 Aleae
1261 2159 1308 2196 et
1340 2153 1520 2210 Tegeae
1558 2153 1690 2196 deam
1727 2152 1970 2209 quandam,

266 2229 335 2269 eui
372 2244 531 2269 nomen
567 2233 663 2270 erat
697 2228 893 2280 Caeca⁵)‚
940 2241 1055 2283 quae
1094 2226 1283 2268 numina
1320 2224 1654 2283 posterioribus
1684 2222 1971 2280 temporibus

267 2314 389 2340 suum
425 2300 468 2340 in
504 2300 770 2353 religionem
804 2303 1075 2355 receperunt
1109 2297 1411 2354 Aesculapius
1444 2299 1491 2339 et
1521 2295 1743 2338 Minerva.

409 2371 560 2425 Atque
594 2372 741 2427 ipsum
776 2371 1037 2412 Aristaeum
1081 2369 1217 2411 simili
1249 2369 1442 2422 ratione,
1490 2381 1580 2423 qua
1611 2380 1714 2409 eum
1746 2364 1834 2408 sibi
1865 2364 1971 2408 sub-

269 2441 454 2493 iungere
489 2442 590 2483 illos
624 2442 830 2483 videmus
863 2442 985 2494 deos,
1030 2441 1075 2482 in
1118 2440 1289 2482 maiora
1321 2438 1463 2494 recipi
1495 2436 1727 2494 Apollinis
1766 2441 1812 2479 et
1844 2436 1970 2480 Iovis

412 2606 417 2624 ¹
475 2606 756 2638 (iinternamen
784 2615 819 2649 p.
838 2604 883 2638 5‘2
902 2615 957 2648 sq.

409 2664 421 2683 ²
477 2663 586 2697 Ilend
615 2663 747 2697 histor.
774 2673 922 2697 numm.
950 2674 984 2708 p.
1005 2662 1085 2698 277.

472 2722 569 2756 Sunt
589 2727 733 2763 tamen,
753 2723 819 2766 qui
841 2722 945 2756 hunc
965 2722 1143 2767 Agreum
1159 2721 1318 2767 (ζαγρέα)
1337 2728 1380 2754 ι·9
1395 2728 1491 2753 vera
1506 2717 1705 2752 Bacchum
1724 2727 1811 2753 esse
1830 2719 1972 2763 putent

285 2781 332 2813 cs.
354 2780 484 2825 Eurip.
507 2780 646 2814 Bacch.
667 2781 784 2821 1192).

410 2841 422 2859 ³
477 2839 612 2873 ltevue
640 2839 709 2873 des
737 2839 876 2874 etudes
903 2839 1109 2884 Grecques
1137 2837 1239 2879 1889,
1264 2835 1334 2872 225
1352 2846 1436 2881 sqq.

411 2899 439 2940 ⁴)
480 2898 677 2932 homosth.
697 2898 746 2933 dc
767 2899 850 2934 sals.
870 2898 945 2943 leg.
965 2898 1052 2941 2493
1079 2897 1129 2932 de
1147 2906 1225 2931 cor.
1246 2895 1325 2930 129.

412 2958 435 2998 ³)
478 2956 593 2991 Paua.
614 2957 702 2992 VIII
722 2958 778 2999 23,
799 2959 836 3000 ¹3
861 2957 989 2993 strab.
1008 2955 1100 2991 VIII
1118 2956 1188 2991 388
1213 2954 1366 2998 (derivo
1393 2953 1443 2988 de
1468 2963 1567 2988 voce
1595 2952 1728 2996 ἀλαός).
