2148 3434
858 144 1119 186 -9-

133 261 276 306 fuisse
322 275 371 303 re
407 275 516 302 vera
563 260 669 303 huic
716 261 905 303 carmini
952 266 1151 304 testatur
1197 262 1444 314 Servius¹):
1510 263 1753 319 ,Apollinis
1793 270 1838 305 et

134 332 337 390 Cyrenes
387 331 528 387 filius,
597 347 731 388 quem
784 333 1013 376 Hesiodus
1067 333 1175 375 dicit
1231 334 1494 390 Apollinem
1549 333 1837 390 pastoralem‘

135 404 211 457 (=
233 401 432 459 Νόμιον).

275 475 317 517 2.
365 475 610 518 Praeterea
647 476 694 518 in
730 477 854 518 Eoea
887 476 1132 518 Chironem
1181 492 1272 519 non
1315 477 1459 518 solum
1499 477 1839 519 matrimonium

132 545 248 590 illud
278 546 488 603 Apollini
535 548 744 602 suasisse,
793 548 871 589 sed
913 548 1051 589 etiam
1099 554 1216 589 teste
1250 548 1497 603 Apollonio
1537 548 1602 590 (ΙΙ
1636 549 1722 590 509
1755 552 1841 603 sq.)

133 616 269 661 huius
301 618 467 660 amoris
499 619 618 675 proli
650 619 821 661 favisse
854 619 1207 674 Aristaeumque
1255 619 1373 661 sicut
1411 620 1521 661 alios
1555 619 1713 661 heroes
1747 619 1839 660 suis

132 688 392 746 praeceptis
440 689 656 732 educasse
705 690 877 746 optime
935 690 1156 732 conclusit
1212 690 1547 733 Studniozka²›.
1626 690 1842 732 Efficitur

132 759 254 815 hinc,
286 764 338 802 ut
370 760 489 803 sicut
520 761 568 803 in
601 762 849 818 Apollonio
883 762 1020 803 etiam
1054 761 1100 803 in
1134 762 1258 803 Eoea

1179 832 1249 874 υἷα
1282 833 1319 874 δ’
1341 833 1497 874 ἔνεικεν

439 907 648 958 νηπίαχον
680 907 873 956 Χίρωνος
906 902 982 946 ὑπ’
1005 903 1219 956 ἄντροισιν
1251 907 1497 958 κομέεσθαι.

276 973 551 1029 Priusquam
590 979 743 1015 autem
791 979 1003 1030 quartum
1051 979 1217 1016 testem
1250 974 1464 1016 adeamus
1499 973 1841 1026 Callimachum,

133 1044 369 1102 paulisper
399 1045 487 1088 hoc
518 1047 618 1088 1000
651 1046 953 1088 subsistamus
1002 1046 1057 1087 atl
1093 1046 1260 1087 rectius
1295 1045 1660 1102 perspiciendam
1691 1045 1841 1086 Eoeae

133 1115 257 1159 illius
287 1115 490 1159 indolem
522 1132 573 1159 ac
605 1117 844 1159 rationem.

278 1187 409 1239 Quod
441 1188 706 1231 Aristaeum
753 1189 909 1231 statim
948 1204 971 1230 e
1010 1193 1146 1245 partu
1194 1203 1347 1230 rursus
1388 1187 1612 1244 reportari
1644 1186 1843 1228 vidimus

134 1258 184 1301 in
215 1258 512 1314 Thessaliam,
561 1261 683 1302 unde
729 1265 863 1316 rapta
909 1264 1007 1302 erat
1053 1260 1183 1301 brevi
1222 1266 1329 1301 ante
1368 1264 1527 1313 mater,
1576 1259 1630 1300 de
1663 1258 1845 1314 poetica

134 1329 271 1373 huius
303 1331 517 1374 carminis
540 1332 587 1373 vi
618 1346 711 1374 non
744 1331 810 1373 ita
841 1345 1009 1387 magna
1042 1345 1124 1373 nos
1156 1330 1322 1372 imbuit
1345 1330 1668 1372 admiratione:
1701 1328 1843 1370 libera

135 1401 258 1444 enim
303 1402 455 1458 poesis
501 1417 594 1445 non
641 1403 706 1445 ita
753 1403 922 1458 migrat
970 1417 1051 1458 per
1097 1402 1346 1458 pedestria3
1395 1401 1487 1442 tale
1528 1401 1635 1456 quid
1669 1400 1842 1441 redolet

135 1472 405 1528 doctrinam,
439 1478 614 1516 certum
637 1474 880 1530 quoddam,
914 1473 1034 1529 quod
1057 1472 1385 1529 assequebatur
1407 1477 1557 1528 poeta,
1590 1471 1842 1513 consilium.

135 1543 282 1587 Recte
313 1544 380 1586 ita
411 1545 573 1587 sentiri
605 1546 739 1587 docet
771 1545 1012 1599 Pindarus,
1047 1545 1137 1600 qui,
1172 1550 1222 1585 ut
1246 1548 1315 1585 est
1338 1548 1476 1599 poeta
1498 1543 1683 1598 elegans
1707 1548 1844 1597 atque

135 1615 323 1672 politus,
371 1615 587 1659 abhorret
640 1616 696 1658 ab
744 1616 971 1672 ineptiore
1018 1615 1210 1657 infantis
1259 1615 1408 1656 reditu
1456 1614 1502 1655 111
1547 1613 1843 1655 Thessaliam.

135 1685 300 1744 Itaque
332 1687 420 1742 hic,
454 1688 581 1730 cuius
613 1702 707 1730 non
738 1687 959 1729 intererat
992 1686 1248 1742 posteriora
1272 1685 1471 1727 Aristaei
1501 1684 1598 1726 fata
1620 1698 1844 1737 enarrare,

137 1757 202 1801 sic
233 1757 438 1801 fabulam
469 1763 632 1814 mutat,
681 1763 733 1801 ut
765 1759 822 1800 ad
854 1758 1019 1811 Horas,
1068 1757 1238 1813 quippe
1272 1771 1385 1812 quae
1420 1756 1572 1798 colant
1604 1755 1844 1808 infantem,

137 1828 496 1886 Telluremque³)
545 1830 693 1886 fingat
740 1829 916 1886 portari
963 1844 990 1870 a
1027 1828 1252 1870 Mercurio
1291 1827 1533 1884 puerulum
1583 1825 1738 1882 (Pyth.
1774 1825 1846 1867 IX

137 1900 195 1944 59
217 1901 348 1958 sqq.).
415 1901 524 1944 Sive
558 1917 581 1943 e
614 1916 695 1944 suo
728 1901 915 1957 ingenio
949 1900 1060 1942 haec
1096 1896 1279 1942 novarit
1327 1899 1423 1941 sive
1456 1913 1478 1939 e
1513 1896 1845 1953 Cyrenensium

138 1972 435 2030 opinionibus
467 1972 549 2024 (sic
582 1973 680 2029 ipse
714 1970 1050 2026 Studniczka⁴),
1099 1971 1422 2027 gravissimum
1457 1970 1569 2011 illud
1603 1969 1708 2010 inde
1741 1982 1846 2010 con-

137 2043 261 2086 cludi
307 2058 491 2086 necesse
539 2059 637 2086 esse
684 2044 775 2086 iam
822 2043 908 2085 hoc
955 2057 1165 2086 moneam
1214 2042 1332 2094 loco,
1380 2057 1436 2083 110
1485 2042 1608 2097 ipsos
1662 2039 1846 2095 quidem

139 2114 425 2172 Cyrenenses
457 2116 678 2158 mansisse
711 2115 975 2158 Aristaeum
1008 2115 1054 2156 in
1087 2113 1244 2156 Africa
1278 2112 1581 2155 contendisse.

281 2186 438 2243 Atque
483 2187 647 2229 clarius
688 2186 1017 2243 perspiciemus
1064 2200 1112 2227 re
1144 2199 1251 2226 vera
1291 2184 1490 2226 alienum
1522 2197 1619 2225 esse
1652 2197 1679 2224 a
1709 2181 1845 2224 rebus

139 2257 329 2315 Libyeis
375 2259 653 2315 pastoralem
700 2258 849 2312 deum,
897 2271 999 2299 cum
1031 2257 1122 2298 iam
1160 2256 1207 2297 in
1240 2255 1389 2297 Eoeae
1424 2268 1718 2310 progressum
1751 2253 1847 2295 ani-

138 2343 264 2372 mum
293 2329 638 2372 adverterimus.
691 2329 747 2370 In
769 2328 919 2382 Eoeis,
954 2341 1144 2383 quarum
1173 2326 1365 2368 interest
1393 2330 1636 2367 stemmata
1658 2324 1846 2379 fingere,

138 2405 288 2444 mater
319 2399 484 2444 officiis
516 2401 608 2443 suis
641 2399 887 2457 perfuncta
918 2403 1001 2452 est,
1034 2413 1136 2440 oum
1169 2414 1192 2438 e
1226 2412 1272 2438 se
1305 2396 1486 2453 peperit
1519 2396 1689 2438 clarum
1718 2394 1847 2437 illum

139 2471 298 2527 filium,
346 2473 474 2515 cuius
506 2487 578 2515 res
615 2472 843 2514 illustrare
881 2469 969 2512 sibi
1002 2468 1240 2526 proposuit
1277 2474 1426 2523 poet-a.
1491 2467 1654 2522 Itaque
1686 2466 1845 2508 matris

285 2643 312 2687 ι)
350 2642 390 2677 in
415 2641 566 2688 Vergil.
593 2639 774 2686 Georg.1
794 2641 849 2675 14.
877 2639 924 2674 cf.
945 2638 1076 2673 Rzach
1105 2638 1179 2682 frg.
1202 2637 1278 2671 1⁶29.

283 2700 312 2746 ²)
350 2701 448 2748 Kyr.
465 2712 503 2747 p.
520 2702 578 2736 41.

284 2759 314 2805 ⁸)
351 2759 492 2806 Neque
522 2769 628 2795 nove
660 2758 879 2794 Pindarum
911 2758 966 2792 sic
1001 2756 1128 2791 Horas
1160 2759 1198 2790 et
1230 2754 1430 2790 Tellurem
1469 2753 1727 2799 coniungere,
1765 2751 1848 2787 illu-

142 2821 271 2854 strant
301 2819 502 2864 quaedam
533 2818 729 2864 exempla,
761 2827 865 2862 quae
897 2815 1063 2862 Spartae
1094 2814 1265 2849 Telluris
1298 2813 1487 2858 templum
1527 2822 1616 2847 cum
1655 2811 1848 2857 Apollinis

143 2877 400 2913 coniunctum
426 2887 514 2914 esse
540 2877 674 2922 (Paus.
693 2877 750 2912 111
770 2877 826 2920 12,
843 2877 891 2919 8),
924 2873 1159 2921 Megalopoli
1193 2872 1441 2918 Spartaeque
1476 2871 1610 2914 (Paus.
1629 2870 1720 2905 vm
1739 2870 1796 2906 31.
1814 2871 1847 2910 3,

144 2935 203 2972 ΠΙ
221 2936 278 2980 18,
296 2936 356 2979 10)
381 2939 422 2972 et
445 2936 547 2973 Teni
573 2935 629 2981 (C.
649 2937 676 2972 Ι.
696 2936 742 2973 G.
761 2935 869 2979 2342)
896 2934 1024 2969 Horas
1051 2943 1132 2968 uua
1159 2942 1249 2967 cum
1275 2931 1457 2977 Apolline
1484 2930 1558 2965 coli
1585 2933 1792 2965 testantur.

287 2996 316 3038 ⁴)
353 2994 450 3040 Kyr.
467 3006 506 3042 p.
522 2996 580 3031 41.
