2148 3434
816 165 985 205 -31
1053 186 1107 191 I-

253 277 474 320 Attamen
507 278 563 320 de
596 279 827 334 nymphae
851 279 1094 322 Thessalae
1129 283 1332 336 (lyrense
1366 284 1560 324 nominis
1595 285 1637 325 vi
1673 292 1809 340 atque

110 347 316 406 syllabae
362 348 535 405 primae
582 364 793 391 mensura
840 351 947 405 quid
991 357 1281 394 censeamus?
1348 354 1681 408 Etymologiam
1719 370 1807 396 non

109 419 358 477 periclitor,
391 419 499 475 quid
530 419 651 461 enim
683 420 869 463 incertis
903 422 1120 463 incertam
1154 423 1428 477 adiungam?
1492 425 1809 475 St11‹lni‹:zka¹y

111 490 295 547 quidem
341 489 397 532 de
429 504 541 532 voce
572 486 714 545 κύριος
762 506 925 533 nomen
972 508 1068 534 esse
1116 493 1412 535 derivandum
1452 495 1535 536 sibi
1572 497 1807 550 persuasit.

110 561 271 618 Neque
317 565 472 604 tamen
504 561 756 603 Hesiodum
796 577 941 617 neque
982 563 1242 616 Pindarum,
1288 564 1451 618 quibus
1484 566 1810 621 antiquissimis

111 632 285 675 utimur
314 631 512 674 testibus
545 632 684 688 longa
716 633 784 674 uti
822 633 869 674 in
903 634 1108 688 Cyrc=11ae
1149 635 1328 675 nomino:
1370 635 1547 676 litterae
1582 653 1604 677 υ
1636 637 1810 691 quanti-

111 706 209 746 tate
255 703 533 746 monendum
572 703 692 756 est2).
757 703 1021 745 Callimachi
1055 705 1235 746 (lenium
1270 706 1515 747 auctoritas
1549 707 1712 759 essm-it,
1762 716 1811 748 nt

111 774 378 832 posterioris
417 774 637 831 temporis
676 775 782 816 inde
821 774 877 817 ab
916 775 1163 831 Apollonio
1204 783 1365 830 poetae
1404 776 1517 817 ham·
1552 777 1634 818 sibi
1679 778 1812 819 lim-n-

112 845 227 888 tiam
257 845 593 902 permitterent,
630 850 683 888 ut
714 846 970 902 promiscue
1008 851 1246 887 uterentur
1285 852 1329 888 et
1363 846 1488 888 brevi
1523 860 1565 888 set
1601 849 1734 903 longa
1775 866 1811 890 v.

112 915 336 960 Attamen
366 916 466 973 ipse
499 916 804 959 Callimachus
838 931 1057 972 quasnam
1090 918 1295 972 sequitur
1327 917 1372 958 in
1397 918 1664 959 adhibendis
1690 919 1813 960 urbis

112 986 512 1045 nympharumque
557 987 819 1030 nominibus
864 988 1093 1030 rationes?
1157 987 1366 1043 Apparet
1399 987 1517 1029 buno
1551 999 1729 1044 poetam
1764 997 1815 1030 ut

114 1058 364 1102 secundum
410 1073 558 1102 mores
596 1059 771 1115 patrios
809 1059 858 1100 in
890 1058 1167 1101 nominando
1200 1059 1298 1100 rivo
1333 1058 1449 1111 Κόρα
1484 1059 1546 1102 (ΙΙ
1581 1060 1653 1108 873)
1689 1059 1812 1100 liu-evi

113 1133 273 1173 utatur
310 1146 354 1185 v,
401 1130 469 1173 ita
505 1130 592 1173 sibi
640 1135 849 1173 constare
896 1131 945 1172 in
988 1129 1248 1172 adhibenda
1287 1129 1415 1171 brevi
1455 1129 1578 1171 urbis
1617 1130 1815 1185 Libycae

114 1200 261 1258 prima
291 1201 441 1244 vocali
479 1201 561 1252 (sic
592 1201 641 1243 II
674 1201 744 1256 73,
783 1201 831 1243 ΙΙ
863 1202 934 1255 91,
974 1201 1118 1257 epigr.
1152 1200 1248 1242 XX
1282 1201 1308 1242 5
1331 1200 1472 1254 wit),
1513 1200 1604 1252 sed,
1654 1200 1730 1242 nbi
1762 1201 1817 1241 (le

116 1271 336 1315 Thessala
381 1272 588 1329 nympha
625 1273 809 1315 disserit
847 1273 936 1324 (III
970 1273 1089 1326 206),
1136 1272 1322 1326 longam
1355 1271 1569 1313 adhibere
1603 1272 1816 1323 voc-alem,

114 1347 169 1387 ut
219 1343 359 1386 etiam
410 1349 556 1386 metro
614 1348 855 1400 utramque
914 1348 1134 1386 secernat.
1217 1342 1420 1385 Verbum
1472 1342 1817 1396 tetrasyllabum

117 1418 352 1470 Κυρηναῖος
384 1415 529 1472 epigr.
562 1415 685 1457 XXI
718 1416 743 1457 2
777 1415 920 1469 brevi,
953 1414 1076 1456 XIII
1110 1415 1136 1456 2
1169 1415 1308 1469 longa
1340 1413 1485 1455 afficit
1508 1429 1542 1455 υ.
1599 1413 1651 1454 In
1686 1419 1819 1454 tetra-

117 1485 307 1543 syllabis
338 1491 494 1529 tamen
526 1487 742 1529 maiorem
765 1486 952 1529 concedi
973 1485 1181 1528 variandi
1213 1484 1479 1527 facultatem
1512 1488 1669 1526 notum
1699 1485 1818 1525 estu.

117 1637 160 1673 in
177 1637 238 1673 his
253 1638 426 1673 nummis
444 1636 686 1683 Cyrenaicis.
729 1636 811 1673 Sub
831 1636 949 1672 finem
968 1637 1099 1681 quarti
1118 1635 1268 1671 saeculi
1287 1634 1483 1681 Cyrenam
1508 1634 1820 1669 Ptolemaeorum

117 1696 244 1733 fuisse
281 1699 448 1740 constat,
485 1695 735 1742 Cyrenenses
773 1699 917 1738 tamen,
950 1700 995 1730 ut
1025 1704 1182 1741 semper
1213 1694 1428 1729 adversum
1467 1693 1667 1728 stimulum
1695 1694 1822 1727 calcos

117 1755 386 1800 remittebant,
404 1756 460 1791 ita
477 1755 597 1790 etiam
616 1759 754 1790 contra
772 1754 1043 1789 Ptolemaeum
1063 1753 1078 1788 I
1097 1753 1331 1788 seditionem
1357 1753 1591 1787 conciebant
1615 1758 1821 1796 tantosque·

119 1814 350 1851 efficiebant
373 1824 597 1861 processus,
622 1817 667 1849 ut
692 1813 889 1849 auderent
914 1813 1130 1848 Ptolemaei
1156 1812 1310 1858 legatos
1336 1812 1556 1847 interficere
1584 1818 1703 1856 atque
1739 1812 1823 1855 ipsa

119 1874 222 1910 urbe
246 1874 362 1920 potiti
387 1874 446 1917 τὴν
464 1874 578 1922 ἄκρην
595 1875 991 1920 περιεστρατοπέδευσαν
1009 1873 1056 1913 ὡς
1080 1873 1202 1908 αὐτίκα
1224 1870 1322 1919 μάλα
1348 1870 1405 1914 τήν
1429 1871 1588 1917 ιμρουριὶν
1606 1871 1824 1914 ariamirus·

119 1935 348 1979 iterumque
373 1933 517 1979 legatis
543 1933 618 1968 illis
644 1933 785 1968 occisis
817 1936 1062 1981 ἐνεργέστερον
1095 1931 1154 1974 τὴν
1184 1932 1300 1977 ἄκραν
1333 1930 1555 1976 ἐπολιόρκουν
1592 1928 1712 1970 Diod.
1733 1927 1821 1962 XIX

121 1993 178 2038 79,
203 1992 321 2038 1-3).
376 1992 598 2038 Tantisque
631 1992 898 2028 versabantur
930 1992 970 2026 in
1002 1990 1188 2036 periculis
1214 1990 1415 2035 Aegyptii,
1443 1992 1485 2023 ut
1513 1988 1760 2022 Ptolemaeus
1786 1994 1822 2020 ct

122 2053 256 2100 copias
282 2052 486 2098 pedestres
513 2056 552 2087 et
588 2051 753 2087 navales
791 2052 964 2086 mitteret
996 2054 1134 2086 contra
1166 2049 1372 2085 seditiosos
1404 2048 1581 2093 Agisque
1615 2048 1824 2091 imperator

121 2112 273 2161 ἐνεργῶς
298 2109 559 2159 διαπολεμήσας
584 2115 653 2152 τοῖς
677 2110 912 2156 ἀφεστηκόσιν
939 2113 1110 2156 ἐκυρίευσε
1136 2110 1223 2144 κατὰ
1249 2107 1375 2155 κράτος
1401 2108 1454 2150 τῆς
1480 2107 1617 2143 πόλεως.
1669 2105 1824 2139 Haecci-

123 2173 348 2207 evenerunt
371 2180 477 2205 anno
494 2170 564 2205 313
596 2171 667 2214 (sic
692 2172 800 2205 recte
826 2170 905 2205 iam
932 2168 1083 2214 Thrige
1109 2168 1187 2203 Res
1214 2166 1370 2212 Cyren.²
1395 2177 1429 2211 p.
1460 2165 1528 2200 212
1551 2176 1605 2208 sq.
1636 2165 1684 2198 cf.
1711 2164 1823 2197 Nivse

123 2229 268 2267 Gesch.
286 2229 402 2265 Alex.
421 2229 458 2264 d.
478 2229 544 2265 Gr.
564 2229 694 2273 1293).
745 2229 829 2264 Iam
860 2228 936 2263 illis
968 2228 1152 2270 nummis,
1190 2227 1258 2271 qui
1297 2226 1403 2271 regis
1442 2225 1595 2268 insigne
1635 2223 1823 2267 praebent

122 2299 363 2335 nomenque,
389 2288 487 2324 alios
514 2289 676 2334 opponit
702 2288 720 2323 ὁ
738 2288 847 2335 δῆμος
873 2287 986 2332 quasi
1014 2297 1113 2322 suae
1139 2286 1263 2331 ipsius
1290 2285 1504 2319 maiestatis
1532 2289 1666 2321 testes-3
1693 2282 1824 2325 itaque

123 2349 232 2385 hunc
255 2358 463 2384 nummum
481 2357 587 2383 anno
604 2348 674 2383 313
692 2347 743 2383 ab
762 2346 874 2381 urbis
899 2345 1056 2380 civibus
1084 2345 1262 2380 consulto
1289 2354 1335 2378 ac
1362 2343 1511 2377 rationo
1539 2341 1694 2375 nomim·
1725 2339 1826 2385 δάμω

125 2412 335 2458 Κυραναῖον
363 2410 548 2442 ornatum
576 2416 662 2442 esse
689 2405 980 2441 coniiciendum
1008 2408 1078 2440 est.
1130 2404 1268 2438 Exstat
1296 2411 1479 2436 nummus
1511 2400 1616 2444 apud
1646 2399 1827 2444 Bompois

125 2468 167 2504 in
192 2466 284 2502 libri
308 2465 434 2510 titulo,
460 2465 603 2502 melius
629 2466 670 2500 in
698 2465 764 2500 the
790 2463 984 2510 Montagu
1002 2463 1214 2499 Collection
1242 2462 1286 2496 of
1309 2462 1427 2495 coins.
1463 2459 1679 2502 Catalogm·
1699 2458 1742 2491 of
1763 2457 1825 2490 iln-

127 2525 263 2563 Greek
288 2525 423 2560 series.
473 2524 640 2560 London
667 2524 771 2560 1896.
797 2524 878 2559 tab.
898 2523 953 2566 10,
979 2533 1016 2557 n.
1034 2522 1115 2558 804.

269 2584 297 2630 ¹)
334 2584 431 2631 Kyr.
449 2595 487 2631 p.
507 2585 571 2621 151
592 2595 650 2630 sq.

269 2643 298 2689 ²)
336 2643 386 2680 de
411 2644 620 2680 meretrice
645 2642 938 2688 Aristophanea
963 2641 1012 2676 cf.
1040 2650 1162 2686 supra
1189 2650 1222 2683 p.
1243 2638 1299 2673 29.

270 2703 300 2748 8)
337 2702 589 2749 Quamquam
620 2712 700 2738 non
732 2703 895 2749 primus,
927 2705 1060 2736 tamen
1093 2698 1315 2733 delectatur
1345 2697 1462 2731 etiam
1496 2692 1756 2730 Callinmchus
1789 2692 1827 2725 in

128 2761 334 2798 variandis
359 2761 539 2799 eiusdem
565 2762 679 2798 verbi
704 2761 882 2797 numeris
908 2759 1093 2795 metricis.
1143 2756 1205 2792 Sic
1231 2764 1378 2800 anceps
1406 2759 1464 2789 est
1491 2753 1627 2798 prioris
1652 2750 1826 2795 syllaba«-

128 2829 319 2857 mensura
342 2820 384 2855 in
409 2830 509 2856 voce
534 2819 639 2862 καλός
663 2821 716 2866 (h.
733 2820 751 2855 I
768 2819 815 2855 55
833 2823 872 2854 et
890 2819 1015 2864 epigr.
1035 2814 1166 2851 XXIX
1184 2815 1232 2859 3).
1282 2813 1413 2857 Atque
1441 2811 1621 2856 quamvis
1650 2810 1682 2843 ll.
1705 2808 1752 2843 lv
1771 2808 1828 2846 66,

130 2880 212 2925 173,
237 2878 306 2915 277
325 2879 422 2927 Ἄρης
444 2879 559 2916 brevi
584 2880 689 2916 sicut
712 2879 812 2915 solet
828 2879 1049 2913 instruatur
1067 2891 1099 2918 a,
1119 2880 1249 2909 tamen
1270 2872 1372 2907 idem
1392 2875 1507 2916 poeta
1527 2869 1561 2903 h.
1583 2869 1594 2902 l
1617 2868 1670 2904 Π,
1692 2867 1741 2902 lv
1764 2867 1829 2901 133

129 2939 289 2985 scripsit

604 3003 787 3052 τευχηστοὶς
812 3005 847 3039 δ’
868 2995 982 3048 'sieque
996 3028 1003 3036 .
1021 3028 1028 3035 .
1045 3028 1051 3035 .
1067 2996 1153 3034 ἀλλά
1180 3000 1212 3032 οἱ
1231 2991 1337 3044 ᾗρης.
